
<record>
  <leader>02486cam a22003258i 4500</leader>
  <controlfield tag="001">21350965</controlfield>
  <controlfield tag="005">20200103130658.0</controlfield>
  <controlfield tag="008">200103s2020    enk      b    001 0 eng  </controlfield>
  <datafield tag="906" ind1=" " ind2=" ">
    <subfield code="a">0</subfield>
    <subfield code="b">ibc</subfield>
    <subfield code="c">orignew</subfield>
    <subfield code="d">1</subfield>
    <subfield code="e">ecip</subfield>
    <subfield code="f">20</subfield>
    <subfield code="g">y-gencatlg</subfield>
  </datafield>
  <datafield tag="925" ind1="0" ind2=" ">
    <subfield code="a">acquire</subfield>
    <subfield code="b">1 shelf copy</subfield>
    <subfield code="x">policy default</subfield>
  </datafield>
  <datafield tag="955" ind1=" " ind2=" ">
    <subfield code="b">rk11 2020-01-03</subfield>
    <subfield code="c">rk11 2020-01-03 to subj.</subfield>
  </datafield>
  <datafield tag="010" ind1=" " ind2=" ">
    <subfield code="a">  2019055761</subfield>
  </datafield>
  <datafield tag="020" ind1=" " ind2=" ">
    <subfield code="a">9780367350895</subfield>
    <subfield code="q">(hardback)</subfield>
  </datafield>
  <datafield tag="020" ind1=" " ind2=" ">
    <subfield code="z">9780429329616</subfield>
    <subfield code="q">(ebook)</subfield>
  </datafield>
  <datafield tag="040" ind1=" " ind2=" ">
    <subfield code="a">DLC</subfield>
    <subfield code="b">eng</subfield>
    <subfield code="e">rda</subfield>
    <subfield code="c">DLC</subfield>
  </datafield>
  <datafield tag="042" ind1=" " ind2=" ">
    <subfield code="a">pcc</subfield>
  </datafield>
  <datafield tag="050" ind1="0" ind2="0">
    <subfield code="a">IN PROCESS</subfield>
  </datafield>
  <datafield tag="100" ind1="1" ind2=" ">
    <subfield code="a">DeYoung, Kevin,</subfield>
    <subfield code="e">author.</subfield>
  </datafield>
  <datafield tag="245" ind1="1" ind2="4">
    <subfield code="a">The formation of John Witherspoon :</subfield>
    <subfield code="b">Calvinism, evangelicalism, and the Scottish Enlightenment /</subfield>
    <subfield code="c">Kevin DeYoung.</subfield>
  </datafield>
  <datafield tag="263" ind1=" " ind2=" ">
    <subfield code="a">2003</subfield>
  </datafield>
  <datafield tag="264" ind1=" " ind2="1">
    <subfield code="a">Abingdon, Oxon ;</subfield>
    <subfield code="a">New York, NY :</subfield>
    <subfield code="b">Routledge,</subfield>
    <subfield code="c">2020.</subfield>
  </datafield>
  <datafield tag="300" ind1=" " ind2=" ">
    <subfield code="a">pages cm.</subfield>
  </datafield>
  <datafield tag="336" ind1=" " ind2=" ">
    <subfield code="a">text</subfield>
    <subfield code="b">txt</subfield>
    <subfield code="2">rdacontent</subfield>
  </datafield>
  <datafield tag="337" ind1=" " ind2=" ">
    <subfield code="a">unmediated</subfield>
    <subfield code="b">n</subfield>
    <subfield code="2">rdamedia</subfield>
  </datafield>
  <datafield tag="338" ind1=" " ind2=" ">
    <subfield code="a">volume</subfield>
    <subfield code="b">nc</subfield>
    <subfield code="2">rdacarrier</subfield>
  </datafield>
  <datafield tag="490" ind1="0" ind2=" ">
    <subfield code="a">[Routledge studies in evangelicalism]</subfield>
  </datafield>
  <datafield tag="520" ind1=" " ind2=" ">
    <subfield code="a">&quot;This book explores in unprecedented detail the theological thinking of John Witherspoon during his often overlooked ministerial career in Scotland. In contrast to the arguments made by other historians, it shows that there was considerable continuity of thought between Witherspoon&apos;s Scottish ministry and the second half of his career as one of America&apos;s Founding Fathers. The book argues that Witherspoon cannot be properly understood until he is seen as not only engaged with the Enlightenment, but also firmly grounded in the Calvinist tradition of High to Late Orthodoxy, embedded in the transatlantic Evangelical Awakening of the eighteenth century, and frustrated by the state of religion in the Scottish Kirk. Alongside the titles of pastor, president, educator, philosopher, should be a new category: John Witherspoon as Reformed apologist. This is a fresh re-examination of the intellectual formation of one of Scotland&apos;s most important churchman from the eighteenth century and one of America&apos;s most influential early figures. The volume will be of keen interest to academics working in Religious History, American Religion, Reformed Theology and Calvinism, as well as Scottish and American history more generally&quot;--</subfield>
    <subfield code="c">Provided by publisher.</subfield>
  </datafield>
  <datafield tag="504" ind1=" " ind2=" ">
    <subfield code="a">Includes bibliographical references and index.</subfield>
  </datafield>
  <datafield tag="600" ind1="1" ind2="0">
    <subfield code="a">Witherspoon, John,</subfield>
    <subfield code="d">1723-1794</subfield>
  </datafield>
  <datafield tag="776" ind1="0" ind2="8">
    <subfield code="i">Online version:</subfield>
    <subfield code="a">DeYoung, Kevin.</subfield>
    <subfield code="t">Formation of John Witherspoon</subfield>
    <subfield code="d">Abingdon, Oxon ; New York, NY : Routledge, 2020</subfield>
    <subfield code="z">9780429329616</subfield>
    <subfield code="w">(DLC) 2019055762</subfield>
  </datafield>
</record>