
<record>
  <leader>01962cam a22004333i 4500</leader>
  <controlfield tag="001">21350999</controlfield>
  <controlfield tag="005">20200103132652.0</controlfield>
  <controlfield tag="008">200103s2018    nyu    e      000 1 eng d</controlfield>
  <datafield tag="906" ind1=" " ind2=" ">
    <subfield code="a">7</subfield>
    <subfield code="b">cbc</subfield>
    <subfield code="c">copycat</subfield>
    <subfield code="d">2</subfield>
    <subfield code="e">ncip</subfield>
    <subfield code="f">20</subfield>
    <subfield code="g">y-genrareb</subfield>
  </datafield>
  <datafield tag="925" ind1="0" ind2=" ">
    <subfield code="a">acquire</subfield>
    <subfield code="b">1 copy only regardless of location</subfield>
    <subfield code="x">policy default</subfield>
  </datafield>
  <datafield tag="955" ind1=" " ind2=" ">
    <subfield code="b">he08 2020-01-03</subfield>
    <subfield code="h">he08 2020-01-03</subfield>
  </datafield>
  <datafield tag="010" ind1=" " ind2=" ">
    <subfield code="a">  2018658469</subfield>
  </datafield>
  <datafield tag="020" ind1=" " ind2=" ">
    <subfield code="a">9780425281253</subfield>
    <subfield code="q">(paperback)</subfield>
  </datafield>
  <datafield tag="020" ind1=" " ind2=" ">
    <subfield code="a">0425281256</subfield>
    <subfield code="q">(paperback)</subfield>
  </datafield>
  <datafield tag="035" ind1=" " ind2=" ">
    <subfield code="a">(OCoLC)ocn982649806</subfield>
  </datafield>
  <datafield tag="040" ind1=" " ind2=" ">
    <subfield code="a">BTCTA</subfield>
    <subfield code="b">eng</subfield>
    <subfield code="c">BTCTA</subfield>
    <subfield code="e">rda</subfield>
    <subfield code="d">BDX</subfield>
    <subfield code="d">YDX</subfield>
    <subfield code="d">IEP</subfield>
    <subfield code="d">UAP</subfield>
    <subfield code="d">LE@</subfield>
    <subfield code="d">GO9</subfield>
    <subfield code="d">SJP</subfield>
    <subfield code="d">OCLCF</subfield>
    <subfield code="d">IGA</subfield>
    <subfield code="d">CO2</subfield>
    <subfield code="d">CD5</subfield>
    <subfield code="d">FLQ</subfield>
    <subfield code="d">KLP</subfield>
    <subfield code="d">T7X</subfield>
    <subfield code="d">R@V</subfield>
    <subfield code="d">HUO</subfield>
    <subfield code="d">IDT</subfield>
    <subfield code="d">GK8</subfield>
    <subfield code="d">ON3</subfield>
    <subfield code="d">JST</subfield>
    <subfield code="d">LKC</subfield>
    <subfield code="d">CNCAR</subfield>
    <subfield code="d">P@N</subfield>
    <subfield code="d">Y#4</subfield>
    <subfield code="d">OCLCQ</subfield>
    <subfield code="d">OCLCO</subfield>
    <subfield code="d">QQ3</subfield>
    <subfield code="d">KOTUI</subfield>
    <subfield code="d">WYL</subfield>
    <subfield code="d">WC$</subfield>
    <subfield code="d">MLSOD</subfield>
    <subfield code="d">UKMGB</subfield>
    <subfield code="d">LE#</subfield>
    <subfield code="d">MJ8</subfield>
    <subfield code="d">OQ8</subfield>
    <subfield code="d">T7A</subfield>
    <subfield code="d">OCLCQ</subfield>
    <subfield code="d">MLM</subfield>
    <subfield code="d">SINLB</subfield>
    <subfield code="d">OCLCO</subfield>
    <subfield code="d">XOL</subfield>
    <subfield code="d">OCLCO</subfield>
    <subfield code="d">NZHWP</subfield>
    <subfield code="d">B@L</subfield>
    <subfield code="d">OCLCO</subfield>
    <subfield code="d">NZAUC</subfield>
    <subfield code="d">OCLCO</subfield>
    <subfield code="d">SOM</subfield>
    <subfield code="d">BYV</subfield>
    <subfield code="d">OCLCO</subfield>
    <subfield code="d">ZQP</subfield>
    <subfield code="d">OCLCO</subfield>
    <subfield code="d">OCLCQ</subfield>
    <subfield code="d">DLC</subfield>
  </datafield>
  <datafield tag="042" ind1=" " ind2=" ">
    <subfield code="a">lccopycat</subfield>
  </datafield>
  <datafield tag="050" ind1="0" ind2="0">
    <subfield code="a">CPB Box no. 4246 vol. 16</subfield>
  </datafield>
  <datafield tag="100" ind1="1" ind2=" ">
    <subfield code="a">Bradford, Laura,</subfield>
    <subfield code="e">author.</subfield>
  </datafield>
  <datafield tag="245" ind1="1" ind2="0">
    <subfield code="a">Dial M for mousse /</subfield>
    <subfield code="c">Laura Bradford.</subfield>
  </datafield>
  <datafield tag="250" ind1=" " ind2=" ">
    <subfield code="a">First edition.</subfield>
  </datafield>
  <datafield tag="264" ind1=" " ind2="1">
    <subfield code="a">New York, New York :</subfield>
    <subfield code="b">Berkley,</subfield>
    <subfield code="c">2018.</subfield>
  </datafield>
  <datafield tag="264" ind1=" " ind2="4">
    <subfield code="c">2018</subfield>
  </datafield>
  <datafield tag="300" ind1=" " ind2=" ">
    <subfield code="a">295 pages ;</subfield>
    <subfield code="c">18 cm</subfield>
  </datafield>
  <datafield tag="336" ind1=" " ind2=" ">
    <subfield code="a">text</subfield>
    <subfield code="b">txt</subfield>
    <subfield code="2">rdacontent</subfield>
  </datafield>
  <datafield tag="337" ind1=" " ind2=" ">
    <subfield code="a">unmediated</subfield>
    <subfield code="b">n</subfield>
    <subfield code="2">rdamedia</subfield>
  </datafield>
  <datafield tag="338" ind1=" " ind2=" ">
    <subfield code="a">volume</subfield>
    <subfield code="b">nc</subfield>
    <subfield code="2">rdacarrier</subfield>
  </datafield>
  <datafield tag="490" ind1="1" ind2=" ">
    <subfield code="a">An Emergency Dessert Squad mystery ;</subfield>
    <subfield code="v">3</subfield>
  </datafield>
  <datafield tag="490" ind1="0" ind2=" ">
    <subfield code="a">Berkley Prime Crime</subfield>
  </datafield>
  <datafield tag="490" ind1="0" ind2=" ">
    <subfield code="a">A Berkley Prime Crime Book</subfield>
  </datafield>
  <datafield tag="500" ind1=" " ind2=" ">
    <subfield code="a">Includes recipes.</subfield>
  </datafield>
  <datafield tag="520" ind1=" " ind2=" ">
    <subfield code="a">When she stumbles upon the dead body of her new client while delivering desserts at an artists&apos; retreat, Winnie Johnson, the owner of the Emergency Dessert Squad, must whip up the clues to catch a killer.</subfield>
  </datafield>
  <datafield tag="650" ind1=" " ind2="0">
    <subfield code="a">Businesswomen</subfield>
    <subfield code="v">Fiction.</subfield>
  </datafield>
  <datafield tag="650" ind1=" " ind2="0">
    <subfield code="a">Artists</subfield>
    <subfield code="v">Fiction.</subfield>
  </datafield>
  <datafield tag="650" ind1=" " ind2="0">
    <subfield code="a">Bakeries</subfield>
    <subfield code="v">Fiction.</subfield>
  </datafield>
  <datafield tag="650" ind1=" " ind2="0">
    <subfield code="a">Murder</subfield>
    <subfield code="x">Investigation</subfield>
    <subfield code="v">Fiction.</subfield>
  </datafield>
  <datafield tag="655" ind1=" " ind2="7">
    <subfield code="a">Mystery fiction.</subfield>
    <subfield code="2">gsafd</subfield>
  </datafield>
  <datafield tag="710" ind1="2" ind2=" ">
    <subfield code="a">Copyright Paperback Collection (Library of Congress)</subfield>
    <subfield code="5">DLC</subfield>
  </datafield>
  <datafield tag="800" ind1="1" ind2=" ">
    <subfield code="a">Bradford, Laura.</subfield>
    <subfield code="t">Emergency Dessert Squad mysteries ;</subfield>
    <subfield code="v">03.</subfield>
  </datafield>
</record>