
<record>
  <leader>03241cam a22004098i 4500</leader>
  <controlfield tag="001">21351002</controlfield>
  <controlfield tag="005">20200103131248.0</controlfield>
  <controlfield tag="008">191220s2020    dcu     ob    001 0 eng  </controlfield>
  <controlfield tag="006">m |o d | </controlfield>
  <controlfield tag="007">cr_|||||||||||</controlfield>
  <datafield tag="906" ind1=" " ind2=" ">
    <subfield code="a">7</subfield>
    <subfield code="b">cbc</subfield>
    <subfield code="c">orignew</subfield>
    <subfield code="d">1</subfield>
    <subfield code="e">ecip</subfield>
    <subfield code="f">20</subfield>
    <subfield code="g">y-gencatlg</subfield>
  </datafield>
  <datafield tag="925" ind1="0" ind2=" ">
    <subfield code="a">acquire</subfield>
    <subfield code="e">ecip ebook</subfield>
    <subfield code="x">policy default</subfield>
  </datafield>
  <datafield tag="955" ind1=" " ind2=" ">
    <subfield code="a">ecip ebook 2020-01-03</subfield>
  </datafield>
  <datafield tag="010" ind1=" " ind2=" ">
    <subfield code="a">  2019059296</subfield>
  </datafield>
  <datafield tag="020" ind1=" " ind2=" ">
    <subfield code="a">9781433833588</subfield>
    <subfield code="q">(ebook)</subfield>
  </datafield>
  <datafield tag="020" ind1=" " ind2=" ">
    <subfield code="z">9781433832192</subfield>
    <subfield code="q">(paperback)</subfield>
  </datafield>
  <datafield tag="040" ind1=" " ind2=" ">
    <subfield code="a">DLC</subfield>
    <subfield code="b">eng</subfield>
    <subfield code="c">DLC</subfield>
    <subfield code="e">rda</subfield>
  </datafield>
  <datafield tag="042" ind1=" " ind2=" ">
    <subfield code="a">pcc</subfield>
  </datafield>
  <datafield tag="050" ind1="0" ind2="0">
    <subfield code="a">RC552.P67</subfield>
  </datafield>
  <datafield tag="082" ind1="0" ind2="0">
    <subfield code="a">616.85/21</subfield>
    <subfield code="2">23</subfield>
  </datafield>
  <datafield tag="245" ind1="0" ind2="0">
    <subfield code="a">Casebook to the clinical practice guideline for the treatment of PTSD /</subfield>
    <subfield code="c">edited by Lynn F. Bufka, Caroline Vaile Wright, and Raquel Halfond.</subfield>
  </datafield>
  <datafield tag="263" ind1=" " ind2=" ">
    <subfield code="a">2006</subfield>
  </datafield>
  <datafield tag="264" ind1=" " ind2="1">
    <subfield code="a">Washington, DC :</subfield>
    <subfield code="b">American Psychological Association,</subfield>
    <subfield code="c">[2020]</subfield>
  </datafield>
  <datafield tag="300" ind1=" " ind2=" ">
    <subfield code="a">1 online resource</subfield>
  </datafield>
  <datafield tag="336" ind1=" " ind2=" ">
    <subfield code="a">text</subfield>
    <subfield code="b">txt</subfield>
    <subfield code="2">rdacontent</subfield>
  </datafield>
  <datafield tag="337" ind1=" " ind2=" ">
    <subfield code="a">computer</subfield>
    <subfield code="b">n</subfield>
    <subfield code="2">rdamedia</subfield>
  </datafield>
  <datafield tag="338" ind1=" " ind2=" ">
    <subfield code="a">online resource</subfield>
    <subfield code="b">nc</subfield>
    <subfield code="2">rdacarrier</subfield>
  </datafield>
  <datafield tag="504" ind1=" " ind2=" ">
    <subfield code="a">Includes bibliographical references and index.</subfield>
  </datafield>
  <datafield tag="505" ind1="0" ind2=" ">
    <subfield code="a">Introduction to this casebook -- Foundations of PTSD treatment -- Cognitive-behavioral treatment for ptsd -- Cognitive processing therapy for PTSD -- Cognitive therapy for ptsd -- Prolonged exposure for PTSD -- Brief eclectic therapy for PTSD -- Eye movement desensitization and reprocessing therapy for PTSD -- Narrative exposure therapy for PTSD -- Pharmacotherapy for PTSD -- Conclusion: treatment themes, shared components, and future research directions.</subfield>
  </datafield>
  <datafield tag="520" ind1=" " ind2=" ">
    <subfield code="a">&quot;This casebook offers detailed guidance to help practitioners understand and implement the treatments recommended in the American Psychological Association&apos;s Clinical Practice Guideline for the Treatment of Posttraumatic Stress Disorder in Adults. The authors describe the unique factors involved in PTSD treatment, and core competencies necessary for providers. Chapters then explain each treatment described in the guideline, summarize the empirical evidence for their effectiveness, and offer rich, detailed case examples that demonstrate how readers can use these interventions with real clients. Treatments described include cognitive behavior therapy, cognitive processing therapy, cognitive therapy and prolonged exposure, brief eclectic psychotherapy, eye movement desensitization and reprocessing, and narrative exposure therapy. Medications including fluoxetine, paroxetine, sertraline, and venlafaxine are discussed as well. Intended for use with the Guideline, this book combines the best available research with expert clinical recommendations, to help readers make the clinical decisions that are best for their patients&quot;--</subfield>
    <subfield code="c">Provided by publisher.</subfield>
  </datafield>
  <datafield tag="588" ind1=" " ind2=" ">
    <subfield code="a">Description based on print version record and CIP data provided by publisher; resource not viewed.</subfield>
  </datafield>
  <datafield tag="650" ind1=" " ind2="0">
    <subfield code="a">Post-traumatic stress disorder</subfield>
    <subfield code="x">Treatment</subfield>
    <subfield code="v">Case studies.</subfield>
  </datafield>
  <datafield tag="700" ind1="1" ind2=" ">
    <subfield code="a">Bufka, Lynn F.,</subfield>
    <subfield code="e">editor.</subfield>
  </datafield>
  <datafield tag="700" ind1="1" ind2=" ">
    <subfield code="a">Vaile Wright, Caroline,</subfield>
    <subfield code="e">editor.</subfield>
  </datafield>
  <datafield tag="700" ind1="1" ind2=" ">
    <subfield code="a">Halfond, Raquel,</subfield>
    <subfield code="e">editor.</subfield>
  </datafield>
  <datafield tag="776" ind1="0" ind2="8">
    <subfield code="i">Print version:</subfield>
    <subfield code="t">Casebook to the clinical practice guideline for the treatment of PTSD</subfield>
    <subfield code="d">Washington, DC : American Psychological Association, [2020]</subfield>
    <subfield code="z">9781433832192</subfield>
    <subfield code="w">(DLC) 2019059295</subfield>
  </datafield>
  <datafield tag="985" ind1=" " ind2=" ">
    <subfield code="a">LC online resource</subfield>
    <subfield code="d">2020-01-03</subfield>
  </datafield>
</record>