
<record>
  <leader>03990cam a22004338i 4500</leader>
  <controlfield tag="001">21351006</controlfield>
  <controlfield tag="005">20200103145116.0</controlfield>
  <controlfield tag="008">200103s2020    enk      b    001 0 eng  </controlfield>
  <datafield tag="906" ind1=" " ind2=" ">
    <subfield code="a">7</subfield>
    <subfield code="b">cbc</subfield>
    <subfield code="c">orignew</subfield>
    <subfield code="d">1</subfield>
    <subfield code="e">ecip</subfield>
    <subfield code="f">20</subfield>
    <subfield code="g">y-gencatlg</subfield>
  </datafield>
  <datafield tag="925" ind1="0" ind2=" ">
    <subfield code="a">acquire</subfield>
    <subfield code="b">1 shelf copy</subfield>
    <subfield code="x">policy default</subfield>
  </datafield>
  <datafield tag="955" ind1=" " ind2=" ">
    <subfield code="b">re23 2020-01-03</subfield>
    <subfield code="i">re23 2020-01-03 to Dewey</subfield>
    <subfield code="w">xm08 2020-01-03 (telework)</subfield>
  </datafield>
  <datafield tag="010" ind1=" " ind2=" ">
    <subfield code="a">  2019055704</subfield>
  </datafield>
  <datafield tag="020" ind1=" " ind2=" ">
    <subfield code="a">9780815360513</subfield>
    <subfield code="q">(hardback)</subfield>
  </datafield>
  <datafield tag="020" ind1=" " ind2=" ">
    <subfield code="z">9781351118064</subfield>
    <subfield code="q">(ebook)</subfield>
  </datafield>
  <datafield tag="040" ind1=" " ind2=" ">
    <subfield code="a">DLC</subfield>
    <subfield code="b">eng</subfield>
    <subfield code="e">rda</subfield>
    <subfield code="c">DLC</subfield>
  </datafield>
  <datafield tag="042" ind1=" " ind2=" ">
    <subfield code="a">pcc</subfield>
  </datafield>
  <datafield tag="043" ind1=" " ind2=" ">
    <subfield code="a">e------</subfield>
  </datafield>
  <datafield tag="050" ind1="0" ind2="0">
    <subfield code="a">GV706.5</subfield>
    <subfield code="b">.S73884 2020</subfield>
  </datafield>
  <datafield tag="082" ind1="0" ind2="0">
    <subfield code="a">796.094</subfield>
    <subfield code="2">23</subfield>
  </datafield>
  <datafield tag="245" ind1="0" ind2="0">
    <subfield code="a">Sport, welfare and social policy in the European Union /</subfield>
    <subfield code="c">edited by Nicola Rinaldo Porro, Stefano Martelli and Alberto Testa.</subfield>
  </datafield>
  <datafield tag="263" ind1=" " ind2=" ">
    <subfield code="a">2004</subfield>
  </datafield>
  <datafield tag="264" ind1=" " ind2="1">
    <subfield code="a">Abingdon, Oxon ;</subfield>
    <subfield code="a">New York, NY :</subfield>
    <subfield code="b">Routledge,</subfield>
    <subfield code="c">2020.</subfield>
  </datafield>
  <datafield tag="300" ind1=" " ind2=" ">
    <subfield code="a">pages cm</subfield>
  </datafield>
  <datafield tag="336" ind1=" " ind2=" ">
    <subfield code="a">text</subfield>
    <subfield code="b">txt</subfield>
    <subfield code="2">rdacontent</subfield>
  </datafield>
  <datafield tag="337" ind1=" " ind2=" ">
    <subfield code="a">unmediated</subfield>
    <subfield code="b">n</subfield>
    <subfield code="2">rdamedia</subfield>
  </datafield>
  <datafield tag="338" ind1=" " ind2=" ">
    <subfield code="a">volume</subfield>
    <subfield code="b">nc</subfield>
    <subfield code="2">rdacarrier</subfield>
  </datafield>
  <datafield tag="490" ind1="0" ind2=" ">
    <subfield code="a">Routledge research in sport, culture and society</subfield>
  </datafield>
  <datafield tag="504" ind1=" " ind2=" ">
    <subfield code="a">Includes bibliographical references and index.</subfield>
  </datafield>
  <datafield tag="505" ind1="0" ind2=" ">
    <subfield code="a">Introduction : sport and the citizens of a disenchanted Europe / Nicola Rinaldo Porro, Stefano Martellli, Alberto Testa -- Migrants&apos; social integration through movement practices? / Stefano Martelli -- Sport and the &apos;question&apos; of Islam in Europe / Mahfoud Amara -- European sport systems and the voluntary sector : non-profit organisations race for sport development / Nico Bortoletto and Alessandro Porrovecchio -- Sport in jail : a sociological comparative perspective / Maurizio Esposito -- The Europeanisation of sport : sociology of a new European public action / William Gasparini -- The organisation of sport and sports policies in Germany / Michel Koebel -- Sports organisations and policies in France / William Gasparini -- Sport and welfare in Britain / Ivan Waddington -- Welfare and sports policies in contemporary Italy / Nicola Rinaldo Porro -- Physical activity and sport in Spain / Juan Antonio Simn Sanjurjo -- Sport and welfare in central and eastern European countries / Simona Kustec and SimonLien -- In the homeland of sport for all : the Scandinavian countries / Irene Masoni -- Conclusion : established models of European sport revisited from a socio-politological approach / Jeroen Scheerder.</subfield>
  </datafield>
  <datafield tag="520" ind1=" " ind2=" ">
    <subfield code="a">&quot;Sport is often seen as an indicator of the civic maturity of a community, an aspect of the rights of citizens to health, education and social integration. This book examines the relationships between participation in sport and physical activity, and welfare policies across Europe. It argues that the success of campaigns for the promotion of sport depend on the existence of dedicated welfare policies promoted by the European states and explores variations in cultural models and structures of governance across Europe. Addressing the function of supranational institutions such as the EU as well as voluntary networks, the book illuminates key issues in European societies such as migration, financial austerity and Brexit as they relate to sport policy. This is important reading for scholars and students in the fields of European sport and physical activity, sociology, political science and organisational analysis, as well as operators and managers of the sport systems involved in advanced training programmes&quot;--</subfield>
    <subfield code="c">Provided by publisher.</subfield>
  </datafield>
  <datafield tag="650" ind1=" " ind2="0">
    <subfield code="a">Sports</subfield>
    <subfield code="x">Social aspects</subfield>
    <subfield code="z">European Union countries.</subfield>
  </datafield>
  <datafield tag="650" ind1=" " ind2="0">
    <subfield code="a">Exercise</subfield>
    <subfield code="x">Social aspects</subfield>
    <subfield code="z">European Union countries.</subfield>
  </datafield>
  <datafield tag="650" ind1=" " ind2="0">
    <subfield code="a">Well-being</subfield>
    <subfield code="z">European Union countries.</subfield>
  </datafield>
  <datafield tag="650" ind1=" " ind2="0">
    <subfield code="a">Social integration</subfield>
    <subfield code="z">European Union countries.</subfield>
  </datafield>
  <datafield tag="650" ind1=" " ind2="0">
    <subfield code="a">Sports and state</subfield>
    <subfield code="z">European Union countries.</subfield>
  </datafield>
  <datafield tag="700" ind1="1" ind2=" ">
    <subfield code="a">Porro, Nicola,</subfield>
    <subfield code="e">editor.</subfield>
  </datafield>
  <datafield tag="700" ind1="1" ind2=" ">
    <subfield code="a">Martelli, Stefano,</subfield>
    <subfield code="e">editor.</subfield>
  </datafield>
  <datafield tag="700" ind1="1" ind2=" ">
    <subfield code="a">Testa, Alberto,</subfield>
    <subfield code="e">editor.</subfield>
  </datafield>
  <datafield tag="776" ind1="0" ind2="8">
    <subfield code="i">Online version:</subfield>
    <subfield code="t">Sport, welfare and social policy in the European Union</subfield>
    <subfield code="d">Abingdon, Oxon ; New York, NY : Routledge, 2020.</subfield>
    <subfield code="z">9781351118064</subfield>
    <subfield code="w">(DLC) 2019055705</subfield>
  </datafield>
</record>