
<record>
  <leader>01776nkd a22003739a 4500</leader>
  <controlfield tag="001">21351018</controlfield>
  <controlfield tag="005">20200103131741.0</controlfield>
  <controlfield tag="007">ki||||</controlfield>
  <controlfield tag="008">191211q19251930|||nnn| ||||||    kn|||||</controlfield>
  <datafield tag="906" ind1=" " ind2=" ">
    <subfield code="a">0</subfield>
    <subfield code="b">cbc</subfield>
    <subfield code="c">orignew</subfield>
    <subfield code="d">u</subfield>
    <subfield code="e">ncip</subfield>
    <subfield code="f">20</subfield>
    <subfield code="g">y-printpho</subfield>
  </datafield>
  <datafield tag="955" ind1=" " ind2=" ">
    <subfield code="a">pnpi qw59 2019-12</subfield>
  </datafield>
  <datafield tag="010" ind1=" " ind2=" ">
    <subfield code="a">  2019647503</subfield>
  </datafield>
  <datafield tag="037" ind1=" " ind2=" ">
    <subfield code="a">LC-DIG-ppmsca-64057</subfield>
    <subfield code="b">DLC</subfield>
    <subfield code="c">(digital file from original)</subfield>
  </datafield>
  <datafield tag="040" ind1=" " ind2=" ">
    <subfield code="a">DLC</subfield>
    <subfield code="b">eng</subfield>
    <subfield code="e">dcrmg</subfield>
    <subfield code="c">DLC</subfield>
  </datafield>
  <datafield tag="050" ind1="0" ind2="0">
    <subfield code="a">ADE - UNIT 3010,</subfield>
    <subfield code="b">no. 1</subfield>
  </datafield>
  <datafield tag="100" ind1="1" ind2=" ">
    <subfield code="a">Reiss, Winold,</subfield>
    <subfield code="d">1886-1953,</subfield>
    <subfield code="e">designer.</subfield>
  </datafield>
  <datafield tag="245" ind1="1" ind2="0">
    <subfield code="a">[Design sketches for stepped, three-panel, painted decorative folding screens.]</subfield>
    <subfield code="p">[Design with white, red, and grey air brush application, showing elevations]</subfield>
    <subfield code="h">[graphic].</subfield>
  </datafield>
  <datafield tag="260" ind1=" " ind2=" ">
    <subfield code="c">[between 1925 and 1930]</subfield>
  </datafield>
  <datafield tag="300" ind1=" " ind2=" ">
    <subfield code="a">1 drawing :</subfield>
    <subfield code="b">graphite and colored pencil ;</subfield>
    <subfield code="c">sheet 22 x 28 cm.</subfield>
  </datafield>
  <datafield tag="336" ind1=" " ind2=" ">
    <subfield code="a">still image</subfield>
    <subfield code="b">sti</subfield>
    <subfield code="2">rdacontent</subfield>
  </datafield>
  <datafield tag="337" ind1=" " ind2=" ">
    <subfield code="a">unmediated</subfield>
    <subfield code="b">n</subfield>
    <subfield code="2">rdamedia</subfield>
  </datafield>
  <datafield tag="338" ind1=" " ind2=" ">
    <subfield code="a">sheet</subfield>
    <subfield code="b">nb</subfield>
    <subfield code="2">rdacarrier</subfield>
  </datafield>
  <datafield tag="500" ind1=" " ind2=" ">
    <subfield code="a">Title devised by Library staff.</subfield>
  </datafield>
  <datafield tag="506" ind1=" " ind2=" ">
    <subfield code="a">Original materials served by appointment only.</subfield>
  </datafield>
  <datafield tag="540" ind1=" " ind2=" ">
    <subfield code="a">May be restricted. For information see: &quot;Winold Reiss Collection,&quot;</subfield>
    <subfield code="u">https://hdl.loc.gov/loc.pnp/res.615.reiss</subfield>
  </datafield>
  <datafield tag="541" ind1=" " ind2=" ">
    <subfield code="c">Gift/Purchase;</subfield>
    <subfield code="a">Renate Reiss;</subfield>
    <subfield code="d">2008;</subfield>
    <subfield code="e">(DLC/PP-2008:107.061)</subfield>
  </datafield>
  <datafield tag="580" ind1=" " ind2=" ">
    <subfield code="a">Forms part of: Winold Reiss Collection (Library of Congress)</subfield>
  </datafield>
  <datafield tag="655" ind1=" " ind2="7">
    <subfield code="a">Design drawings</subfield>
    <subfield code="y">1920-1930.</subfield>
    <subfield code="2">gmgpc</subfield>
  </datafield>
  <datafield tag="655" ind1=" " ind2="7">
    <subfield code="a">Studies (Visual Works)</subfield>
    <subfield code="y">1920-1930.</subfield>
    <subfield code="2">gmgpc</subfield>
  </datafield>
  <datafield tag="773" ind1="0" ind2=" ">
    <subfield code="t">Winold Reiss Collection (Library of Congress)</subfield>
    <subfield code="w">(DLC)   2010650113</subfield>
  </datafield>
  <datafield tag="852" ind1=" " ind2=" ">
    <subfield code="a">Library of Congress</subfield>
    <subfield code="b">Prints and Photographs Division</subfield>
    <subfield code="e">Washington, D.C. 20540 USA</subfield>
    <subfield code="n">dcu</subfield>
    <subfield code="u">https://hdl.loc.gov/loc.pnp/pp.print</subfield>
  </datafield>
  <datafield tag="856" ind1="4" ind2="1">
    <subfield code="3">digital file from original</subfield>
    <subfield code="d">ppmsca</subfield>
    <subfield code="f">64057</subfield>
    <subfield code="q">p</subfield>
    <subfield code="u">https://hdl.loc.gov/loc.pnp/ppmsca.64057</subfield>
  </datafield>
  <datafield tag="985" ind1=" " ind2=" ">
    <subfield code="a">pp/cph</subfield>
  </datafield>
  <datafield tag="991" ind1=" " ind2=" ">
    <subfield code="b">c-P&amp;P</subfield>
    <subfield code="m">(A size)</subfield>
  </datafield>
</record>