
<record>
  <leader>01335nam a22003615i 4500</leader>
  <controlfield tag="001">21351022</controlfield>
  <controlfield tag="005">20200103131819.0</controlfield>
  <controlfield tag="008">200103s2019    xr ae  f      000 0 cze  </controlfield>
  <datafield tag="906" ind1=" " ind2=" ">
    <subfield code="a">0</subfield>
    <subfield code="b">ibc</subfield>
    <subfield code="c">origres</subfield>
    <subfield code="d">3</subfield>
    <subfield code="e">ncip</subfield>
    <subfield code="f">20</subfield>
    <subfield code="g">y-gencatlg</subfield>
  </datafield>
  <datafield tag="925" ind1="0" ind2=" ">
    <subfield code="a">acquire</subfield>
    <subfield code="b">1 shelf copies</subfield>
    <subfield code="x">policy default</subfield>
  </datafield>
  <datafield tag="955" ind1=" " ind2=" ">
    <subfield code="b">fc70 2020-01-03 z-processor</subfield>
    <subfield code="a">fc00 2020-01-03 t o GS/ECE</subfield>
  </datafield>
  <datafield tag="010" ind1=" " ind2=" ">
    <subfield code="a">  2019453207</subfield>
  </datafield>
  <datafield tag="020" ind1=" " ind2=" ">
    <subfield code="a">9788075240224</subfield>
    <subfield code="q">(broovno)</subfield>
  </datafield>
  <datafield tag="020" ind1=" " ind2=" ">
    <subfield code="a">8075240227</subfield>
  </datafield>
  <datafield tag="040" ind1=" " ind2=" ">
    <subfield code="a">DLC</subfield>
    <subfield code="c">DLC</subfield>
  </datafield>
  <datafield tag="041" ind1="0" ind2=" ">
    <subfield code="a">cze</subfield>
    <subfield code="b">eng</subfield>
  </datafield>
  <datafield tag="042" ind1=" " ind2=" ">
    <subfield code="a">pcc</subfield>
  </datafield>
  <datafield tag="043" ind1=" " ind2=" ">
    <subfield code="a">e-xr---</subfield>
    <subfield code="a">ec-----</subfield>
    <subfield code="b">e-xr-jm</subfield>
    <subfield code="2">czenas</subfield>
  </datafield>
  <datafield tag="100" ind1="1" ind2=" ">
    <subfield code="a">Ltkov, Michaela.</subfield>
    <subfield code="4">aut</subfield>
  </datafield>
  <datafield tag="245" ind1="1" ind2="0">
    <subfield code="a">Rostliny a viva velkomoravskch Mikulic /</subfield>
    <subfield code="c">Michaela Ltkov ; s ilustracemi Pavly Dvorsk.</subfield>
  </datafield>
  <datafield tag="250" ind1=" " ind2=" ">
    <subfield code="a">1. vydn.</subfield>
  </datafield>
  <datafield tag="264" ind1=" " ind2="1">
    <subfield code="a">Brno :</subfield>
    <subfield code="b">Archeologick stav AV R Brno, v.v.i.,</subfield>
    <subfield code="c">2019</subfield>
  </datafield>
  <datafield tag="300" ind1=" " ind2=" ">
    <subfield code="a">131 stran :</subfield>
    <subfield code="b">ilustrace (pevn barevn), 1 pln ;</subfield>
    <subfield code="c">24 cm</subfield>
  </datafield>
  <datafield tag="336" ind1=" " ind2=" ">
    <subfield code="a">text</subfield>
    <subfield code="b">txt</subfield>
    <subfield code="2">rdacontent/cze</subfield>
  </datafield>
  <datafield tag="336" ind1=" " ind2=" ">
    <subfield code="a">statick obraz</subfield>
    <subfield code="b">sti</subfield>
    <subfield code="2">rdacontent/cze</subfield>
  </datafield>
  <datafield tag="337" ind1=" " ind2=" ">
    <subfield code="a">bez mdia</subfield>
    <subfield code="b">n</subfield>
    <subfield code="2">rdamedia/cze</subfield>
  </datafield>
  <datafield tag="338" ind1=" " ind2=" ">
    <subfield code="a">svazek</subfield>
    <subfield code="b">nc</subfield>
    <subfield code="2">rdacarrier/cze</subfield>
  </datafield>
  <datafield tag="490" ind1="1" ind2=" ">
    <subfield code="a">Mikulice - prvodce ;</subfield>
    <subfield code="v">svazek IV.</subfield>
  </datafield>
  <datafield tag="500" ind1=" " ind2=" ">
    <subfield code="a">750 vtisk.</subfield>
  </datafield>
  <datafield tag="504" ind1=" " ind2=" ">
    <subfield code="a">Obsahuje bibliografii.</subfield>
  </datafield>
  <datafield tag="546" ind1=" " ind2=" ">
    <subfield code="a">Anglick resum.</subfield>
  </datafield>
  <datafield tag="700" ind1="1" ind2=" ">
    <subfield code="a">Dvorsk, Pavla,</subfield>
    <subfield code="d">1974-</subfield>
    <subfield code="4">ill</subfield>
  </datafield>
  <datafield tag="830" ind1=" " ind2="0">
    <subfield code="a">Mikulice - prvodce.</subfield>
  </datafield>
</record>