
<record>
  <leader>01802nam a22002655i 4500</leader>
  <controlfield tag="001">21351063</controlfield>
  <controlfield tag="005">20200103133052.0</controlfield>
  <controlfield tag="008">200103s2020    txu           000 0 eng  </controlfield>
  <datafield tag="906" ind1=" " ind2=" ">
    <subfield code="a">0</subfield>
    <subfield code="b">ibc</subfield>
    <subfield code="c">orignew</subfield>
    <subfield code="d">2</subfield>
    <subfield code="e">epcn</subfield>
    <subfield code="f">20</subfield>
    <subfield code="g">y-gencatlg</subfield>
  </datafield>
  <datafield tag="925" ind1="0" ind2=" ">
    <subfield code="a">acquire</subfield>
    <subfield code="b">1 shelf copy</subfield>
    <subfield code="x">policy default</subfield>
  </datafield>
  <datafield tag="955" ind1=" " ind2=" ">
    <subfield code="b">xd06 2020-01-03</subfield>
  </datafield>
  <datafield tag="010" ind1=" " ind2=" ">
    <subfield code="a">  2020930099</subfield>
  </datafield>
  <datafield tag="020" ind1=" " ind2=" ">
    <subfield code="a">9781647648534</subfield>
    <subfield code="q">(paperback)</subfield>
  </datafield>
  <datafield tag="040" ind1=" " ind2=" ">
    <subfield code="a">DLC</subfield>
    <subfield code="b">eng</subfield>
    <subfield code="e">rda</subfield>
    <subfield code="c">DLC</subfield>
  </datafield>
  <datafield tag="042" ind1=" " ind2=" ">
    <subfield code="a">pcc</subfield>
  </datafield>
  <datafield tag="100" ind1="1" ind2=" ">
    <subfield code="a">Hird, Cathy,</subfield>
    <subfield code="e">author.</subfield>
  </datafield>
  <datafield tag="245" ind1="1" ind2="0">
    <subfield code="a">Moon in the sign Aries /</subfield>
    <subfield code="c">Cathy Hird.</subfield>
  </datafield>
  <datafield tag="263" ind1=" " ind2=" ">
    <subfield code="a">2009</subfield>
  </datafield>
  <datafield tag="264" ind1=" " ind2="1">
    <subfield code="a">Grapevine :</subfield>
    <subfield code="b">Waldorf Publishing,</subfield>
    <subfield code="c">2020.</subfield>
  </datafield>
  <datafield tag="300" ind1=" " ind2=" ">
    <subfield code="a">pages cm</subfield>
  </datafield>
  <datafield tag="336" ind1=" " ind2=" ">
    <subfield code="a">text</subfield>
    <subfield code="b">txt</subfield>
    <subfield code="2">rdacontent</subfield>
  </datafield>
  <datafield tag="337" ind1=" " ind2=" ">
    <subfield code="a">unmediated</subfield>
    <subfield code="b">n</subfield>
    <subfield code="2">rdamedia</subfield>
  </datafield>
  <datafield tag="338" ind1=" " ind2=" ">
    <subfield code="a">volume</subfield>
    <subfield code="b">nc</subfield>
    <subfield code="2">rdacarrier</subfield>
  </datafield>
  <datafield tag="490" ind1="0" ind2=" ">
    <subfield code="a">Moons over Grecian waters</subfield>
  </datafield>
  <datafield tag="520" ind1=" " ind2=" ">
    <subfield code="a">&quot;Just after dawn, a slave ship from Athens takes over in a remote village, rounding up the women and children and loading them on their ship. What fate doomed this village whose men were taken as slaves just six years earlier! From the hidden birthing hut, Panacea, daughter of the god of healing, watches, raging, helpless to intervene. Studying the raiders, she recognizes the leader, the rogue prince Aphoron, whose service to Poseidon has already wreaked havoc across the land (as told in Moon of the Goddess and Before the New Moon Rises). Cursing the Athenians, Panacea takes a small sail boat, and, with one companion, follows the slave ship, determined to free the villagers. Thanks to a message from Panacea&apos;s father, Melanion, prince of Tiryns, arrives the same day and learns of the tragic raid. A race begins to catch the slave ship and find a way to release the villagers. Can the rescuers enlist the aid of other Olympians or will Poseidon win this time, with the villagers doomed to slavery?&quot;--</subfield>
    <subfield code="c">Provided by publisher.</subfield>
  </datafield>
</record>