
<record>
  <leader>03138nam a22002535i 4500</leader>
  <controlfield tag="001">21351065</controlfield>
  <controlfield tag="005">20200103133300.0</controlfield>
  <controlfield tag="008">200103s2020    txu           000 0 eng  </controlfield>
  <datafield tag="906" ind1=" " ind2=" ">
    <subfield code="a">0</subfield>
    <subfield code="b">ibc</subfield>
    <subfield code="c">orignew</subfield>
    <subfield code="d">2</subfield>
    <subfield code="e">epcn</subfield>
    <subfield code="f">20</subfield>
    <subfield code="g">y-gencatlg</subfield>
  </datafield>
  <datafield tag="925" ind1="0" ind2=" ">
    <subfield code="a">acquire</subfield>
    <subfield code="b">1 shelf copy</subfield>
    <subfield code="x">policy default</subfield>
  </datafield>
  <datafield tag="955" ind1=" " ind2=" ">
    <subfield code="b">xd06 2020-01-03</subfield>
  </datafield>
  <datafield tag="010" ind1=" " ind2=" ">
    <subfield code="a">  2020930100</subfield>
  </datafield>
  <datafield tag="020" ind1=" " ind2=" ">
    <subfield code="a">9781647649197</subfield>
    <subfield code="q">(paperback)</subfield>
  </datafield>
  <datafield tag="040" ind1=" " ind2=" ">
    <subfield code="a">DLC</subfield>
    <subfield code="b">eng</subfield>
    <subfield code="e">rda</subfield>
    <subfield code="c">DLC</subfield>
  </datafield>
  <datafield tag="042" ind1=" " ind2=" ">
    <subfield code="a">pcc</subfield>
  </datafield>
  <datafield tag="100" ind1="1" ind2=" ">
    <subfield code="a">Sturm, Paul,</subfield>
    <subfield code="e">author.</subfield>
  </datafield>
  <datafield tag="245" ind1="1" ind2="0">
    <subfield code="a">Golfing adventures with Frankie, the witty caddie /</subfield>
    <subfield code="c">Paul Sturm.</subfield>
  </datafield>
  <datafield tag="263" ind1=" " ind2=" ">
    <subfield code="a">2008</subfield>
  </datafield>
  <datafield tag="264" ind1=" " ind2="1">
    <subfield code="a">Grapevine :</subfield>
    <subfield code="b">Waldorf Publishing,</subfield>
    <subfield code="c">2020.</subfield>
  </datafield>
  <datafield tag="300" ind1=" " ind2=" ">
    <subfield code="a">pages cm</subfield>
  </datafield>
  <datafield tag="336" ind1=" " ind2=" ">
    <subfield code="a">text</subfield>
    <subfield code="b">txt</subfield>
    <subfield code="2">rdacontent</subfield>
  </datafield>
  <datafield tag="337" ind1=" " ind2=" ">
    <subfield code="a">unmediated</subfield>
    <subfield code="b">n</subfield>
    <subfield code="2">rdamedia</subfield>
  </datafield>
  <datafield tag="338" ind1=" " ind2=" ">
    <subfield code="a">volume</subfield>
    <subfield code="b">nc</subfield>
    <subfield code="2">rdacarrier</subfield>
  </datafield>
  <datafield tag="520" ind1=" " ind2=" ">
    <subfield code="a">&quot;Frankie, just a boy of 14, was always seeking ways to make money. When a garbage collecting company in his small hometown had a job opportunity for an enterprising young student, Frankie was one of several boys who jumped at the chance to be a garbage collector, a career he actually considered for himself years earlier. He was, unfortunately, a scrawny kid at 5&apos; 10&quot; but only 120 pounds, which did not impress the owner at all. Despite Frankie holding up two heavy garbage cans at his house on garbage day to positively influence the owner/driver of the garbage truck, his admirable effort failed, for the owner had already offered the job to another student. Frankie had no hard feelings about losing the garbage collecting job, but since there were few money-making opportunities for a young boy, he struggled to find something lucrative and enjoyable, too. Frankie performed odd jobs, including raking leaves, shoveling snow, and getting bloody hands weeding those horrible, thorny bushes at Mr. Perez&apos;s house, with all providing some compensation, but none of these efforts were much fun. Fortunately, his friend Ozzie, who was a caddie at the River Vale Country Club, came to the rescue, inviting Frankie to become a caddie, too. Those golfers who did not wish to carry their own golf clubs, or pull a golf cart holding their clubs, and who desired to get good exercise walking the course, hired a caddie to carry their golf clubs, find their golf balls, keep score, and, on occasion, give advice on club selection. However, Ozzie did have a concern about Frankie as a caddie. Frankie, though humorous, had a big mouth with a penchant for saying anything that came to mind. Would golfers who had Frankie as their caddie enjoy his bold musings? Only time would tell, as Frankie, the witty caddie, who knew almost nothing about golf, learned the game quickly. He became a caddie on his first day at the golf course for a delightful, kind man named Bob, who was part of a horrible golf playing foursome, including Reggie, Whitey, and Jessie that day. The fun and frolics that ensued for their 18-hole golf adventure, despite this foursome&apos;s woeful inability to play golf, was surely enhanced by the hilarious and sometimes belittling comments, not to mention the &quot;heroic&quot; actions by Frankie, which were not only surprisingly welcomed but enjoyed by all&quot;--</subfield>
    <subfield code="c">Provided by publisher.</subfield>
  </datafield>
</record>