
<record>
  <leader>03044nas a22006977i 4500</leader>
  <controlfield tag="001">21351067</controlfield>
  <controlfield tag="005">20200103133441.0</controlfield>
  <controlfield tag="008">060804d19831983azuwr pea     0    0eng d</controlfield>
  <datafield tag="906" ind1=" " ind2=" ">
    <subfield code="a">7</subfield>
    <subfield code="b">cbc</subfield>
    <subfield code="c">serasst</subfield>
    <subfield code="d">2</subfield>
    <subfield code="e">ncip</subfield>
    <subfield code="f">20</subfield>
    <subfield code="g">n-oclcserc</subfield>
  </datafield>
  <datafield tag="925" ind1="0" ind2=" ">
    <subfield code="a">Acquire</subfield>
    <subfield code="b">1 shelf copy</subfield>
    <subfield code="x">policy default 2020-01-03</subfield>
  </datafield>
  <datafield tag="955" ind1=" " ind2=" ">
    <subfield code="i">sr02 2020-01-03</subfield>
  </datafield>
  <datafield tag="010" ind1=" " ind2=" ">
    <subfield code="a">sn2006062605</subfield>
  </datafield>
  <datafield tag="035" ind1=" " ind2=" ">
    <subfield code="a">(OCoLC)ocm70835660</subfield>
  </datafield>
  <datafield tag="040" ind1=" " ind2=" ">
    <subfield code="a">AZP</subfield>
    <subfield code="b">eng</subfield>
    <subfield code="c">AZP</subfield>
    <subfield code="d">OCLCQ</subfield>
    <subfield code="d">CUV</subfield>
    <subfield code="d">AZP</subfield>
    <subfield code="d">OCLCA</subfield>
    <subfield code="d">OCLCF</subfield>
    <subfield code="d">OCLCQ</subfield>
    <subfield code="d">OCLCA</subfield>
    <subfield code="d">DLC</subfield>
  </datafield>
  <datafield tag="042" ind1=" " ind2=" ">
    <subfield code="a">msc</subfield>
  </datafield>
  <datafield tag="043" ind1=" " ind2=" ">
    <subfield code="a">n-us-az</subfield>
  </datafield>
  <datafield tag="050" ind1="0" ind2="0">
    <subfield code="a">Microfilm (o) 2020/580</subfield>
  </datafield>
  <datafield tag="050" ind1=" " ind2="4">
    <subfield code="a">HQ75</subfield>
    <subfield code="b">.N497</subfield>
  </datafield>
  <datafield tag="130" ind1="0" ind2=" ">
    <subfield code="a">New paper (Phoenix/Tucson, Ariz.)</subfield>
  </datafield>
  <datafield tag="245" ind1="1" ind2="4">
    <subfield code="a">The New paper.</subfield>
  </datafield>
  <datafield tag="246" ind1="3" ind2="0">
    <subfield code="a">New paper Arizona&apos;s gay weekly</subfield>
  </datafield>
  <datafield tag="246" ind1="3" ind2="0">
    <subfield code="a">NewPaper</subfield>
  </datafield>
  <datafield tag="264" ind1=" " ind2="1">
    <subfield code="a">Phoenix, Arizona ;</subfield>
    <subfield code="a">Tucson, Arizona :</subfield>
    <subfield code="b">Terry Harrison and Tony Valdez,</subfield>
    <subfield code="c">1983.</subfield>
  </datafield>
  <datafield tag="300" ind1=" " ind2=" ">
    <subfield code="a">volumes :</subfield>
    <subfield code="b">illustrations</subfield>
  </datafield>
  <datafield tag="310" ind1=" " ind2=" ">
    <subfield code="a">Weekly</subfield>
  </datafield>
  <datafield tag="336" ind1=" " ind2=" ">
    <subfield code="a">text</subfield>
    <subfield code="b">txt</subfield>
    <subfield code="2">rdacontent</subfield>
  </datafield>
  <datafield tag="337" ind1=" " ind2=" ">
    <subfield code="a">microform</subfield>
    <subfield code="b">h</subfield>
    <subfield code="2">rdamedia</subfield>
  </datafield>
  <datafield tag="338" ind1=" " ind2=" ">
    <subfield code="a">microfilm reel</subfield>
    <subfield code="b">hd</subfield>
    <subfield code="2">rdacarrier</subfield>
  </datafield>
  <datafield tag="362" ind1="1" ind2=" ">
    <subfield code="a">Began with volume 1, issue 1 (March 11, 1983); ceased with volume 1, issue 17 (July 1, 1983).</subfield>
  </datafield>
  <datafield tag="530" ind1=" " ind2=" ">
    <subfield code="a">Also issued online in archives of: Observer (Tucson, Ariz.).</subfield>
  </datafield>
  <datafield tag="588" ind1=" " ind2=" ">
    <subfield code="a">Description based on: Volume 1, Issue 1 (March 11, 1983); title from masthead.</subfield>
  </datafield>
  <datafield tag="588" ind1=" " ind2=" ">
    <subfield code="a">Latest issue consulted: Volume 1, Issue 17 (July 1, 1983).</subfield>
  </datafield>
  <datafield tag="533" ind1=" " ind2=" ">
    <subfield code="a">Microfilm.</subfield>
    <subfield code="b">[Phoenix, AZ]:</subfield>
    <subfield code="c">Arizona State Library, Archives and Public Records.</subfield>
    <subfield code="e">microfilm reels ; 35 mm.</subfield>
  </datafield>
  <datafield tag="650" ind1=" " ind2="0">
    <subfield code="a">Gays</subfield>
    <subfield code="z">Arizona</subfield>
    <subfield code="v">Newspapers.</subfield>
  </datafield>
  <datafield tag="650" ind1=" " ind2="0">
    <subfield code="a">Gays</subfield>
    <subfield code="z">Arizona</subfield>
    <subfield code="x">Social life and customs</subfield>
    <subfield code="v">Newspapers.</subfield>
  </datafield>
  <datafield tag="650" ind1=" " ind2="0">
    <subfield code="a">Gays</subfield>
    <subfield code="z">Arizona</subfield>
    <subfield code="z">Phoenix</subfield>
    <subfield code="v">Newspapers.</subfield>
  </datafield>
  <datafield tag="650" ind1=" " ind2="0">
    <subfield code="a">Gay community</subfield>
    <subfield code="z">Arizona</subfield>
    <subfield code="z">Phoenix</subfield>
    <subfield code="v">Newspapers.</subfield>
  </datafield>
  <datafield tag="650" ind1=" " ind2="0">
    <subfield code="a">Gay bars</subfield>
    <subfield code="z">Arizona</subfield>
    <subfield code="z">Phoenix</subfield>
    <subfield code="v">Newspapers.</subfield>
  </datafield>
  <datafield tag="650" ind1=" " ind2="0">
    <subfield code="a">Gays</subfield>
    <subfield code="z">Arizona</subfield>
    <subfield code="z">Tucson</subfield>
    <subfield code="v">Newspapers.</subfield>
  </datafield>
  <datafield tag="650" ind1=" " ind2="0">
    <subfield code="a">Gay community</subfield>
    <subfield code="z">Arizona</subfield>
    <subfield code="z">Tucson</subfield>
    <subfield code="v">Newspapers.</subfield>
  </datafield>
  <datafield tag="650" ind1=" " ind2="0">
    <subfield code="a">Gay bars</subfield>
    <subfield code="z">Arizona</subfield>
    <subfield code="z">Tucson</subfield>
    <subfield code="v">Newspapers.</subfield>
  </datafield>
  <datafield tag="651" ind1=" " ind2="0">
    <subfield code="a">Phoenix (Ariz.)</subfield>
    <subfield code="v">Newspapers.</subfield>
  </datafield>
  <datafield tag="650" ind1=" " ind2="0">
    <subfield code="a">Gays</subfield>
    <subfield code="z">Arizona</subfield>
    <subfield code="v">Periodicals.</subfield>
  </datafield>
  <datafield tag="650" ind1=" " ind2="0">
    <subfield code="a">Gays</subfield>
    <subfield code="z">Arizona</subfield>
    <subfield code="x">Social life and customs</subfield>
    <subfield code="v">Periodicals.</subfield>
  </datafield>
  <datafield tag="650" ind1=" " ind2="0">
    <subfield code="a">Gays</subfield>
    <subfield code="z">Arizona</subfield>
    <subfield code="z">Phoenix</subfield>
    <subfield code="v">Periodicals.</subfield>
  </datafield>
  <datafield tag="650" ind1=" " ind2="0">
    <subfield code="a">Gay community</subfield>
    <subfield code="z">Arizona</subfield>
    <subfield code="z">Phoenix</subfield>
    <subfield code="v">Periodicals.</subfield>
  </datafield>
  <datafield tag="650" ind1=" " ind2="0">
    <subfield code="a">Gay bars</subfield>
    <subfield code="z">Arizona</subfield>
    <subfield code="z">Phoenix</subfield>
    <subfield code="v">Periodicals.</subfield>
  </datafield>
  <datafield tag="650" ind1=" " ind2="0">
    <subfield code="a">Gays</subfield>
    <subfield code="z">Arizona</subfield>
    <subfield code="z">Tucson</subfield>
    <subfield code="v">Periodicals.</subfield>
  </datafield>
  <datafield tag="650" ind1=" " ind2="0">
    <subfield code="a">Gay community</subfield>
    <subfield code="z">Arizona</subfield>
    <subfield code="z">Tucson</subfield>
    <subfield code="v">Periodicals.</subfield>
  </datafield>
  <datafield tag="650" ind1=" " ind2="0">
    <subfield code="a">Gay bars</subfield>
    <subfield code="z">Arizona</subfield>
    <subfield code="z">Tucson</subfield>
    <subfield code="v">Periodicals.</subfield>
  </datafield>
  <datafield tag="651" ind1=" " ind2="0">
    <subfield code="a">Phoenix (Ariz.)</subfield>
    <subfield code="v">Periodicals.</subfield>
  </datafield>
  <datafield tag="650" ind1=" " ind2="7">
    <subfield code="a">Gay bars.</subfield>
    <subfield code="2">fast</subfield>
    <subfield code="0">(OCoLC)fst00939063</subfield>
  </datafield>
  <datafield tag="650" ind1=" " ind2="7">
    <subfield code="a">Gay community.</subfield>
    <subfield code="2">fast</subfield>
    <subfield code="0">(OCoLC)fst01432142</subfield>
  </datafield>
  <datafield tag="650" ind1=" " ind2="7">
    <subfield code="a">Gays.</subfield>
    <subfield code="2">fast</subfield>
    <subfield code="0">(OCoLC)fst00939255</subfield>
  </datafield>
  <datafield tag="650" ind1=" " ind2="7">
    <subfield code="a">Gays</subfield>
    <subfield code="x">Social life and customs.</subfield>
    <subfield code="2">fast</subfield>
    <subfield code="0">(OCoLC)fst00939301</subfield>
  </datafield>
  <datafield tag="651" ind1=" " ind2="7">
    <subfield code="a">Arizona.</subfield>
    <subfield code="2">fast</subfield>
    <subfield code="0">(OCoLC)fst01204820</subfield>
  </datafield>
  <datafield tag="651" ind1=" " ind2="7">
    <subfield code="a">Arizona</subfield>
    <subfield code="z">Phoenix.</subfield>
    <subfield code="2">fast</subfield>
    <subfield code="0">(OCoLC)fst01213753</subfield>
  </datafield>
  <datafield tag="651" ind1=" " ind2="7">
    <subfield code="a">Arizona</subfield>
    <subfield code="z">Tucson.</subfield>
    <subfield code="2">fast</subfield>
    <subfield code="0">(OCoLC)fst01205454</subfield>
  </datafield>
  <datafield tag="655" ind1=" " ind2="7">
    <subfield code="a">Newspapers.</subfield>
    <subfield code="2">fast</subfield>
    <subfield code="0">(OCoLC)fst01423814</subfield>
  </datafield>
  <datafield tag="785" ind1="0" ind2="0">
    <subfield code="t">Attitude (Phoenix/Tucson, Ariz.)</subfield>
    <subfield code="w">(DLC)  2020218506</subfield>
    <subfield code="w">(OCoLC)1134768175</subfield>
  </datafield>
  <datafield tag="859" ind1="4" ind2="1">
    <subfield code="u">http://www.tucsonobserver.com/archives.html</subfield>
  </datafield>
</record>