
<record>
  <leader>02417nam a22002775i 4500</leader>
  <controlfield tag="001">21351076</controlfield>
  <controlfield tag="005">20200103133909.0</controlfield>
  <controlfield tag="008">200103s2020    ilu           000 0 eng  </controlfield>
  <datafield tag="906" ind1=" " ind2=" ">
    <subfield code="a">0</subfield>
    <subfield code="b">ibc</subfield>
    <subfield code="c">orignew</subfield>
    <subfield code="d">2</subfield>
    <subfield code="e">epcn</subfield>
    <subfield code="f">20</subfield>
    <subfield code="g">y-gencatlg</subfield>
  </datafield>
  <datafield tag="925" ind1="0" ind2=" ">
    <subfield code="a">acquire</subfield>
    <subfield code="b">1 shelf copy</subfield>
    <subfield code="x">policy default</subfield>
  </datafield>
  <datafield tag="955" ind1=" " ind2=" ">
    <subfield code="b">xd06 2020-01-03</subfield>
  </datafield>
  <datafield tag="010" ind1=" " ind2=" ">
    <subfield code="a">  2020930102</subfield>
  </datafield>
  <datafield tag="020" ind1=" " ind2=" ">
    <subfield code="a">9780838947739</subfield>
    <subfield code="q">(paperback)</subfield>
  </datafield>
  <datafield tag="020" ind1=" " ind2=" ">
    <subfield code="z">9780838947746</subfield>
    <subfield code="q">(pdf)</subfield>
  </datafield>
  <datafield tag="040" ind1=" " ind2=" ">
    <subfield code="a">DLC</subfield>
    <subfield code="b">eng</subfield>
    <subfield code="e">rda</subfield>
    <subfield code="c">DLC</subfield>
  </datafield>
  <datafield tag="042" ind1=" " ind2=" ">
    <subfield code="a">pcc</subfield>
  </datafield>
  <datafield tag="245" ind1="0" ind2="0">
    <subfield code="a">Learning beyond the classroom: :</subfield>
    <subfield code="b">engaging students in information literacy through co-curricular activities /</subfield>
    <subfield code="c">Silvia Vong, Manda Vrkljan.</subfield>
  </datafield>
  <datafield tag="263" ind1=" " ind2=" ">
    <subfield code="a">2002</subfield>
  </datafield>
  <datafield tag="264" ind1=" " ind2="1">
    <subfield code="a">Chicago :</subfield>
    <subfield code="b">Association of College and Research Libraries,</subfield>
    <subfield code="c">2020.</subfield>
  </datafield>
  <datafield tag="300" ind1=" " ind2=" ">
    <subfield code="a">pages cm</subfield>
  </datafield>
  <datafield tag="336" ind1=" " ind2=" ">
    <subfield code="a">text</subfield>
    <subfield code="b">txt</subfield>
    <subfield code="2">rdacontent</subfield>
  </datafield>
  <datafield tag="337" ind1=" " ind2=" ">
    <subfield code="a">unmediated</subfield>
    <subfield code="b">n</subfield>
    <subfield code="2">rdamedia</subfield>
  </datafield>
  <datafield tag="338" ind1=" " ind2=" ">
    <subfield code="a">volume</subfield>
    <subfield code="b">nc</subfield>
    <subfield code="2">rdacarrier</subfield>
  </datafield>
  <datafield tag="520" ind1=" " ind2=" ">
    <subfield code="a">&quot;Co-curricular learning is an approach to teaching experiential learning using activities or programs for students outside of their coursework that include intentional learning and development. Co-curricular learning benefits from having clear learning outcomes as well as helping develop competencies that connect to students&apos; academic or career goals. It can be a way to engage students in the ACRL Framework for Information Literacy for Higher Education and have them begin to apply its concepts to all areas of their life and studies. Learning Beyond the Classroom explores activities that can help develop students&apos; IL knowledge, stimulate them academically and creatively, and help them develop new skills. In four sections-Campus Connections, Employment Experiences, Innovative Initiatives, and Assessment Approaches-chapters illustrate different approaches to incorporating the ACRL Framework concepts and how best to measure a student&apos;s success to demonstrate the value of the co-curricular activities. A student&apos;s development within their chosen discipline prepares them for a future career, but it is the transferable skills they acquire through experiential activities that demonstrate their full understanding of the concepts taught. Learning Beyond the Classroom can help librarians include information literacy concepts within co-curricular activities and prepare their students to apply their critical-thinking knowledge to everyday pursuits&quot;--</subfield>
    <subfield code="c">Provided by publisher.</subfield>
  </datafield>
  <datafield tag="700" ind1="1" ind2=" ">
    <subfield code="a">Vong, Silvia,</subfield>
    <subfield code="e">editor.</subfield>
  </datafield>
  <datafield tag="700" ind1="1" ind2=" ">
    <subfield code="a">Vrkljan, Manda,</subfield>
    <subfield code="e">editor.</subfield>
  </datafield>
</record>