
<record>
  <leader>02103nam a22002655i 4500</leader>
  <controlfield tag="001">21351097</controlfield>
  <controlfield tag="005">20200103134805.0</controlfield>
  <controlfield tag="008">200103s2020    txu           000 0 eng  </controlfield>
  <datafield tag="906" ind1=" " ind2=" ">
    <subfield code="a">0</subfield>
    <subfield code="b">ibc</subfield>
    <subfield code="c">orignew</subfield>
    <subfield code="d">2</subfield>
    <subfield code="e">epcn</subfield>
    <subfield code="f">20</subfield>
    <subfield code="g">y-gencatlg</subfield>
  </datafield>
  <datafield tag="925" ind1="0" ind2=" ">
    <subfield code="a">acquire</subfield>
    <subfield code="b">1 shelf copy</subfield>
    <subfield code="x">policy default</subfield>
  </datafield>
  <datafield tag="955" ind1=" " ind2=" ">
    <subfield code="b">xd06 2020-01-03</subfield>
  </datafield>
  <datafield tag="010" ind1=" " ind2=" ">
    <subfield code="a">  2020930109</subfield>
  </datafield>
  <datafield tag="020" ind1=" " ind2=" ">
    <subfield code="a">9781633634596</subfield>
    <subfield code="q">(paperback)</subfield>
  </datafield>
  <datafield tag="020" ind1=" " ind2=" ">
    <subfield code="z">9781633634602</subfield>
    <subfield code="q">(ebook)</subfield>
  </datafield>
  <datafield tag="040" ind1=" " ind2=" ">
    <subfield code="a">DLC</subfield>
    <subfield code="b">eng</subfield>
    <subfield code="e">rda</subfield>
    <subfield code="c">DLC</subfield>
  </datafield>
  <datafield tag="042" ind1=" " ind2=" ">
    <subfield code="a">pcc</subfield>
  </datafield>
  <datafield tag="100" ind1="1" ind2=" ">
    <subfield code="a">Christy, Marian,</subfield>
    <subfield code="d">1932-</subfield>
    <subfield code="e">author.</subfield>
  </datafield>
  <datafield tag="245" ind1="1" ind2="0">
    <subfield code="a">Dumbbell /</subfield>
    <subfield code="c">Marian Christy.</subfield>
  </datafield>
  <datafield tag="263" ind1=" " ind2=" ">
    <subfield code="a">2002</subfield>
  </datafield>
  <datafield tag="264" ind1=" " ind2="1">
    <subfield code="a">Austin :</subfield>
    <subfield code="b">White Bird Publications, LLC,</subfield>
    <subfield code="c">2020.</subfield>
  </datafield>
  <datafield tag="300" ind1=" " ind2=" ">
    <subfield code="a">pages cm</subfield>
  </datafield>
  <datafield tag="336" ind1=" " ind2=" ">
    <subfield code="a">text</subfield>
    <subfield code="b">txt</subfield>
    <subfield code="2">rdacontent</subfield>
  </datafield>
  <datafield tag="337" ind1=" " ind2=" ">
    <subfield code="a">unmediated</subfield>
    <subfield code="b">n</subfield>
    <subfield code="2">rdamedia</subfield>
  </datafield>
  <datafield tag="338" ind1=" " ind2=" ">
    <subfield code="a">volume</subfield>
    <subfield code="b">nc</subfield>
    <subfield code="2">rdacarrier</subfield>
  </datafield>
  <datafield tag="520" ind1=" " ind2=" ">
    <subfield code="a">&quot;The word, dumbbell, is the awful name she is forced to acknowledge. Her restrictions are brutish. Her words are intimate. Dumbbell is the shocking story of an innocent ten year old girl trapped by severe emotional bullying in a home ruled by her Daddy, an extreme chauvinist. In her own passionate voice, she lets you see, and feel, what it&apos;s like to be totally imprisoned in a maddening silence while confronting a series of cruel and demeaning obstacles meant to shatter her spirit. She dares to reveal her overwhelming helplessness, her consequential thoughts of suicide and what it takes to save yourself when saving seems out of the question. When desperate, she escapes into fantasies of her own making. She thinks she is alone. She isn&apos;t. Angels, 1,000 of them, descend into her space. They aren&apos;t real angels. What she sees is a steely white disc. What she hears are guideposts. She leans on her crutches, those mysterious angels, only to discover that the graceful rescue words floating toward her emanate from her own intuition and instinct. By the time she is twenty-one, her real name is a distinguished newspaper by-line. At-home bullying is the most common bullying, hidden by the adage that what happens at home stays at home. This narrative documents its specific realities and damages&quot;--</subfield>
    <subfield code="c">Provided by publisher.</subfield>
  </datafield>
</record>