
<record>
  <leader>02178cam a22003135i 4500</leader>
  <controlfield tag="001">21351100</controlfield>
  <controlfield tag="005">20200103135054.0</controlfield>
  <controlfield tag="008">200103s2019    sa            000 0aeng  </controlfield>
  <datafield tag="906" ind1=" " ind2=" ">
    <subfield code="a">0</subfield>
    <subfield code="b">ibc</subfield>
    <subfield code="c">orignew</subfield>
    <subfield code="d">3</subfield>
    <subfield code="e">ncip</subfield>
    <subfield code="f">20</subfield>
    <subfield code="g">y-gencatlg</subfield>
  </datafield>
  <datafield tag="925" ind1="0" ind2=" ">
    <subfield code="a">acquire</subfield>
    <subfield code="b">1 shelf copy</subfield>
    <subfield code="x">policy default</subfield>
  </datafield>
  <datafield tag="955" ind1=" " ind2=" ">
    <subfield code="i">bc22 2020-01-03 to review</subfield>
  </datafield>
  <datafield tag="010" ind1=" " ind2=" ">
    <subfield code="a">  2020212820</subfield>
  </datafield>
  <datafield tag="020" ind1=" " ind2=" ">
    <subfield code="a">9781928420545</subfield>
  </datafield>
  <datafield tag="040" ind1=" " ind2=" ">
    <subfield code="a">DLC</subfield>
    <subfield code="b">eng</subfield>
    <subfield code="e">rda</subfield>
    <subfield code="c">DLC</subfield>
  </datafield>
  <datafield tag="042" ind1=" " ind2=" ">
    <subfield code="a">pcc</subfield>
  </datafield>
  <datafield tag="043" ind1=" " ind2=" ">
    <subfield code="a">f-sa---</subfield>
  </datafield>
  <datafield tag="050" ind1="0" ind2="0">
    <subfield code="a">HQ75.4.K66</subfield>
    <subfield code="b">A3 2019</subfield>
  </datafield>
  <datafield tag="100" ind1="1" ind2=" ">
    <subfield code="a">Koopman, Kelly-Eve</subfield>
    <subfield code="e">author.</subfield>
  </datafield>
  <datafield tag="245" ind1="1" ind2="0">
    <subfield code="a">Because I couldn&apos;t kill you :</subfield>
    <subfield code="b">a memoir /</subfield>
    <subfield code="c">Kelly-Eve Koopman.</subfield>
  </datafield>
  <datafield tag="264" ind1=" " ind2="1">
    <subfield code="a">Auckland Park, South Africa :</subfield>
    <subfield code="b">MF Books Joburg,</subfield>
    <subfield code="c">2019.</subfield>
  </datafield>
  <datafield tag="300" ind1=" " ind2=" ">
    <subfield code="a">xiii, 167 pages ;</subfield>
    <subfield code="c">24 cm</subfield>
  </datafield>
  <datafield tag="336" ind1=" " ind2=" ">
    <subfield code="a">text</subfield>
    <subfield code="b">txt</subfield>
    <subfield code="2">rdacontent</subfield>
  </datafield>
  <datafield tag="337" ind1=" " ind2=" ">
    <subfield code="a">unmediated</subfield>
    <subfield code="b">n</subfield>
    <subfield code="2">rdamedia</subfield>
  </datafield>
  <datafield tag="338" ind1=" " ind2=" ">
    <subfield code="a">volume</subfield>
    <subfield code="b">nc</subfield>
    <subfield code="2">rdacarrier</subfield>
  </datafield>
  <datafield tag="520" ind1=" " ind2=" ">
    <subfield code="a">&quot;In the shattered fantasy of rainbow-nation South Africa, there are many uncomfortable truths. Among these are family secrets - the legacies of traumas in the homes and bones of ordinary South African families. In this debut collection, feminist and Khoi San activist Kelly-Eve Koopman grapples with the complex beauty and brutality of the everyday as she struggles with her family legacy. She tries unsuccessfully to forget her father - a not-so-prominent journalist and anti-apartheid activist, desperately mentally ill and expertly emotionally abusive - who has recently disappeared, leaving behind a wake of difficult memories. Mesmerisingly, Koopman wades through the flotsam and jetsam of generations, among shipwrecks and sunken treasures, in an attempt at familial and collective healing. Sometimes tragic, sometimes hilarious, she faces up to herself as a brown, newly privileged &quot;elder millennial&quot;, caught between middle-class aspirations and social justice ideals. An artist, a daughter, a queer woman in love, she is in pursuit of healing, while trying to lose those last 5 kilograms, to the great disappointment of her feminist self&quot;--Back cover.</subfield>
  </datafield>
  <datafield tag="600" ind1="1" ind2="0">
    <subfield code="a">Koopman, Kelly-Eve.</subfield>
  </datafield>
  <datafield tag="650" ind1=" " ind2="0">
    <subfield code="a">Sexual minority women</subfield>
    <subfield code="x">Family relationships</subfield>
    <subfield code="z">South Africa</subfield>
    <subfield code="v">Biography.</subfield>
  </datafield>
  <datafield tag="650" ind1=" " ind2="0">
    <subfield code="a">Feminism</subfield>
    <subfield code="z">South Africa.</subfield>
  </datafield>
  <datafield tag="655" ind1=" " ind2="7">
    <subfield code="a">Biography</subfield>
    <subfield code="2">lcgft</subfield>
  </datafield>
</record>