
<record>
  <leader>03945cam a22003618i 4500</leader>
  <controlfield tag="001">21351109</controlfield>
  <controlfield tag="005">20200103153708.0</controlfield>
  <controlfield tag="008">200103s2020    enk      b    001 0 eng  </controlfield>
  <datafield tag="906" ind1=" " ind2=" ">
    <subfield code="a">7</subfield>
    <subfield code="b">cbc</subfield>
    <subfield code="c">orignew</subfield>
    <subfield code="d">1</subfield>
    <subfield code="e">ecip</subfield>
    <subfield code="f">20</subfield>
    <subfield code="g">y-gencatlg</subfield>
  </datafield>
  <datafield tag="925" ind1="0" ind2=" ">
    <subfield code="a">acquire</subfield>
    <subfield code="b">1 shelf copy</subfield>
    <subfield code="x">policy default</subfield>
  </datafield>
  <datafield tag="955" ind1=" " ind2=" ">
    <subfield code="b">re23 2020-01-03</subfield>
    <subfield code="i">re23 2020-01-03 to Dewey</subfield>
    <subfield code="w">xm06 2020-01-03</subfield>
  </datafield>
  <datafield tag="010" ind1=" " ind2=" ">
    <subfield code="a">  2019055763</subfield>
  </datafield>
  <datafield tag="020" ind1=" " ind2=" ">
    <subfield code="a">9780367074944</subfield>
    <subfield code="q">(hardback)</subfield>
  </datafield>
  <datafield tag="020" ind1=" " ind2=" ">
    <subfield code="z">9780429021008</subfield>
    <subfield code="q">(ebook)</subfield>
  </datafield>
  <datafield tag="040" ind1=" " ind2=" ">
    <subfield code="a">DLC</subfield>
    <subfield code="b">eng</subfield>
    <subfield code="e">rda</subfield>
    <subfield code="c">DLC</subfield>
  </datafield>
  <datafield tag="042" ind1=" " ind2=" ">
    <subfield code="a">pcc</subfield>
  </datafield>
  <datafield tag="050" ind1="0" ind2="0">
    <subfield code="a">JZ1305</subfield>
    <subfield code="b">.T465 2020</subfield>
  </datafield>
  <datafield tag="082" ind1="0" ind2="0">
    <subfield code="a">327.101</subfield>
    <subfield code="2">23</subfield>
  </datafield>
  <datafield tag="245" ind1="0" ind2="0">
    <subfield code="a">Theory as ideology in international relations :</subfield>
    <subfield code="b">the politics of knowledge /</subfield>
    <subfield code="c">edited by Benjamin Martill and Sebastian Schindler.</subfield>
  </datafield>
  <datafield tag="263" ind1=" " ind2=" ">
    <subfield code="a">2005</subfield>
  </datafield>
  <datafield tag="264" ind1=" " ind2="1">
    <subfield code="a">Abingdon, Oxon ;</subfield>
    <subfield code="a">New York, NY :</subfield>
    <subfield code="b">Routledge,</subfield>
    <subfield code="c">2020.</subfield>
  </datafield>
  <datafield tag="300" ind1=" " ind2=" ">
    <subfield code="a">pages cm</subfield>
  </datafield>
  <datafield tag="336" ind1=" " ind2=" ">
    <subfield code="a">text</subfield>
    <subfield code="b">txt</subfield>
    <subfield code="2">rdacontent</subfield>
  </datafield>
  <datafield tag="337" ind1=" " ind2=" ">
    <subfield code="a">unmediated</subfield>
    <subfield code="b">n</subfield>
    <subfield code="2">rdamedia</subfield>
  </datafield>
  <datafield tag="338" ind1=" " ind2=" ">
    <subfield code="a">volume</subfield>
    <subfield code="b">nc</subfield>
    <subfield code="2">rdacarrier</subfield>
  </datafield>
  <datafield tag="490" ind1="0" ind2=" ">
    <subfield code="a">Worlding beyond the West</subfield>
  </datafield>
  <datafield tag="504" ind1=" " ind2=" ">
    <subfield code="a">Includes bibliographical references and index.</subfield>
  </datafield>
  <datafield tag="505" ind1="0" ind2=" ">
    <subfield code="a">Introduction : theory as ideology in international relations / Benjamin Martill &amp; Sebastian Schindler -- Theory vs. ideology : validity criteria for knowledge claims and normative conditions of critique / Hartmut Behr -- Ideology as decontestation / Benjamin Herborth -- Theory, ideology and IR&apos;s quest for scientific credibility / Katarzyna Kaczmarska -- &apos;I see something you don&apos;t see&apos; : Niklas Luhmann&apos;s social theory between observation and meta-critique / Florian Edelmann -- The costs of the democratic turn in political theory / Albena Azmanova -- The spirits we cite : how democratic war theory reproduces what it opposes / Valerie Waldow -- From theory to practice : the paradox of neoliberal hegemony in 21st century world politics / Philip G. Cerny -- Liberalism and the Cold War : the international thought of Jo Grimond / Benjamin Martill -- Ideologies of international organization : exploring the trading zones between theory and practice / Leonie Holthaus &amp; Jens Steffek -- From allegations of ideology to conflicts over forms of life; or, Why political scientists don&apos;t talk about ecovillages / Philip Wallmeier -- Microanalysis as ideology critique : the critical potential of &apos;zooming in&apos; on everyday social practices / Sebastian Schindler -- Conclusion : from the politics of knowledge to knowledge of politics / Beate Jahn.</subfield>
  </datafield>
  <datafield tag="520" ind1=" " ind2=" ">
    <subfield code="a">&quot;Are theoretical tools nothing but political weapons? How can the two be distinguished from each other? What is the ideological role of theories like liberalism, neoliberalism, or democratic theory? And how can we study the theories of actors from outside the academic world? This book examines these and related questions at the nexus of theory and ideology in International Relations. The current crisis of politics made it abundantly clear that theory is not merely an impartial and neutral academic tool, but instead implicated in political struggles. However, it is also clear that it is insufficient to view theory merely as a political weapon. This book brings together contributions from a number of different scholarly perspectives to engage with these problems. The contributors, drawn from various fields of International Relations and political science, cast new light on the ever problematic relationship between theory and ideology. They analyze the ideological underpinnings of existing academic theories, and examine the theories of non-academic actors such as staff members of international organizations, ecovillagers, and liberal politicians. This edited volume is a must-read for all those interested in the contemporary political crisis and its relation to theories of International Relations&quot;--</subfield>
    <subfield code="c">Provided by publisher.</subfield>
  </datafield>
  <datafield tag="650" ind1=" " ind2="0">
    <subfield code="a">International relations</subfield>
    <subfield code="x">Philosophy.</subfield>
  </datafield>
  <datafield tag="650" ind1=" " ind2="0">
    <subfield code="a">Ideology</subfield>
    <subfield code="x">Political aspects.</subfield>
  </datafield>
  <datafield tag="700" ind1="1" ind2=" ">
    <subfield code="a">Martill, Benjamin,</subfield>
    <subfield code="d">1988-</subfield>
    <subfield code="e">editor.</subfield>
  </datafield>
  <datafield tag="700" ind1="1" ind2=" ">
    <subfield code="a">Schindler, Sebastian,</subfield>
    <subfield code="d">1982-</subfield>
    <subfield code="e">editor.</subfield>
  </datafield>
</record>