
<record>
  <leader>06106cjm a2200865 i 4500</leader>
  <controlfield tag="001">21351112</controlfield>
  <controlfield tag="005">20200103155538.0</controlfield>
  <controlfield tag="007">sd fungnnmmned</controlfield>
  <controlfield tag="008">190102p20171995ir fmnn  bfghi    n bal d</controlfield>
  <datafield tag="906" ind1=" " ind2=" ">
    <subfield code="a">7</subfield>
    <subfield code="b">cbc</subfield>
    <subfield code="c">copycat</subfield>
    <subfield code="d">2</subfield>
    <subfield code="e">ncip</subfield>
    <subfield code="f">20</subfield>
    <subfield code="g">y-soundrec</subfield>
  </datafield>
  <datafield tag="925" ind1="0" ind2=" ">
    <subfield code="a">acquire</subfield>
    <subfield code="b">2 shelf copies</subfield>
    <subfield code="x">policy default</subfield>
  </datafield>
  <datafield tag="955" ind1=" " ind2=" ">
    <subfield code="a">qr39 2020-01-03</subfield>
    <subfield code="i">qr39 2020-01-03</subfield>
  </datafield>
  <datafield tag="040" ind1=" " ind2=" ">
    <subfield code="a">ZCU</subfield>
    <subfield code="b">eng</subfield>
    <subfield code="e">rda</subfield>
    <subfield code="c">ZCU</subfield>
    <subfield code="d">OCLCO</subfield>
    <subfield code="d">OCLCQ</subfield>
    <subfield code="d">ZCU</subfield>
    <subfield code="d">COD</subfield>
    <subfield code="d">ZCU</subfield>
    <subfield code="d">NOC</subfield>
    <subfield code="d">OCLCF</subfield>
    <subfield code="d">CGU</subfield>
    <subfield code="d">DLC</subfield>
  </datafield>
  <datafield tag="066" ind1=" " ind2=" ">
    <subfield code="c">(3</subfield>
    <subfield code="c">(4</subfield>
  </datafield>
  <datafield tag="010" ind1=" " ind2=" ">
    <subfield code="a">  2020615052</subfield>
  </datafield>
  <datafield tag="024" ind1="3" ind2=" ">
    <subfield code="a">6260608006185</subfield>
  </datafield>
  <datafield tag="028" ind1="0" ind2="2">
    <subfield code="a">M.CD-515</subfield>
    <subfield code="b">Mu&apos;assasah-yi Farhang-Hunar-i Mhr = Mahoor Institute of Culture and Arts</subfield>
  </datafield>
  <datafield tag="028" ind1="0" ind2="0">
    <subfield code="a">515</subfield>
    <subfield code="b">Mu&apos;assasah-yi Farhang-Hunar-i Mhr</subfield>
  </datafield>
  <datafield tag="028" ind1="0" ind2="0">
    <subfield code="a">CD-515</subfield>
    <subfield code="b">Mu&apos;assasah-yi Farhang-Hunar-i Mhr</subfield>
  </datafield>
  <datafield tag="033" ind1="0" ind2="0">
    <subfield code="a">199501--</subfield>
    <subfield code="b">7643</subfield>
    <subfield code="c">B3</subfield>
    <subfield code="b">7644</subfield>
    <subfield code="c">K3</subfield>
  </datafield>
  <datafield tag="033" ind1="0" ind2="0">
    <subfield code="a">20160819</subfield>
    <subfield code="b">7624</subfield>
    <subfield code="c">C45</subfield>
  </datafield>
  <datafield tag="035" ind1=" " ind2=" ">
    <subfield code="a">(OCoLC)1089777061</subfield>
  </datafield>
  <datafield tag="041" ind1="0" ind2=" ">
    <subfield code="d">bal</subfield>
    <subfield code="d">per</subfield>
    <subfield code="g">per</subfield>
    <subfield code="g">eng</subfield>
  </datafield>
  <datafield tag="043" ind1=" " ind2=" ">
    <subfield code="a">a-ir---</subfield>
  </datafield>
  <datafield tag="050" ind1="0" ind2="0">
    <subfield code="a">SDD 32435</subfield>
  </datafield>
  <datafield tag="245" ind1="0" ind2="0">
    <subfield code="6">880-01</subfield>
    <subfield code="a">Msq-i Balchistn :</subfield>
    <subfield code="b">rmishgarn-i imsahh-yi sharvn-i Balch = Music of Baluchestn : Shervandi, Baluch epic bards /</subfield>
    <subfield code="c">zabt va matn-i Zhn Drng.</subfield>
  </datafield>
  <datafield tag="246" ind1="3" ind2="0">
    <subfield code="6">880-02</subfield>
    <subfield code="a">Rmishgarn-i imsahh-yi sharvn-i Balch</subfield>
  </datafield>
  <datafield tag="246" ind1="3" ind2="1">
    <subfield code="a">Music of Baluchestn :</subfield>
    <subfield code="b">Shervandi, Baluch epic bards</subfield>
  </datafield>
  <datafield tag="246" ind1="3" ind2="1">
    <subfield code="a">Shervandi, Baluch epic bards</subfield>
  </datafield>
  <datafield tag="264" ind1=" " ind2="1">
    <subfield code="6">880-03</subfield>
    <subfield code="a">Tihrn :</subfield>
    <subfield code="b">Mu&apos;assasah-i Farhang-Hunar-i Mhr = Mahoor Institute of Culture and Arts,</subfield>
    <subfield code="c">1396 [2017]</subfield>
  </datafield>
  <datafield tag="264" ind1=" " ind2="4">
    <subfield code="c">1396 [2017]</subfield>
  </datafield>
  <datafield tag="300" ind1=" " ind2=" ">
    <subfield code="a">2 audio discs (146 min., 26 sec.) :</subfield>
    <subfield code="b">digital ;</subfield>
    <subfield code="c">4 3/4 in.</subfield>
  </datafield>
  <datafield tag="306" ind1=" " ind2=" ">
    <subfield code="a">011347</subfield>
    <subfield code="a">011239</subfield>
  </datafield>
  <datafield tag="336" ind1=" " ind2=" ">
    <subfield code="a">performed music</subfield>
    <subfield code="b">prm</subfield>
    <subfield code="2">rdacontent</subfield>
  </datafield>
  <datafield tag="337" ind1=" " ind2=" ">
    <subfield code="a">audio</subfield>
    <subfield code="b">s</subfield>
    <subfield code="2">rdamedia</subfield>
  </datafield>
  <datafield tag="338" ind1=" " ind2=" ">
    <subfield code="a">audio disc</subfield>
    <subfield code="b">sd</subfield>
    <subfield code="2">rdacarrier</subfield>
  </datafield>
  <datafield tag="344" ind1=" " ind2=" ">
    <subfield code="a">digital</subfield>
    <subfield code="2">rdatr</subfield>
  </datafield>
  <datafield tag="344" ind1=" " ind2=" ">
    <subfield code="b">optical</subfield>
    <subfield code="2">rdarm</subfield>
  </datafield>
  <datafield tag="344" ind1=" " ind2=" ">
    <subfield code="c">1.4 m/s</subfield>
  </datafield>
  <datafield tag="347" ind1=" " ind2=" ">
    <subfield code="a">audio file</subfield>
    <subfield code="2">rdaft</subfield>
  </datafield>
  <datafield tag="347" ind1=" " ind2=" ">
    <subfield code="b">CD audio</subfield>
  </datafield>
  <datafield tag="382" ind1="0" ind2="1">
    <subfield code="3">CD 1; CD 2 tracks 1-3</subfield>
    <subfield code="a">male singer</subfield>
    <subfield code="n">1</subfield>
    <subfield code="d">plucked lute</subfield>
    <subfield code="n">1</subfield>
    <subfield code="a">srind</subfield>
    <subfield code="n">1</subfield>
    <subfield code="a">plucked lute</subfield>
    <subfield code="n">1</subfield>
    <subfield code="s">3</subfield>
    <subfield code="2">lcmpt</subfield>
  </datafield>
  <datafield tag="382" ind1="0" ind2="1">
    <subfield code="3">CD 2 tracks 4-8</subfield>
    <subfield code="a">male singer</subfield>
    <subfield code="n">1</subfield>
    <subfield code="a">srind</subfield>
    <subfield code="n">1</subfield>
    <subfield code="a">plucked lute</subfield>
    <subfield code="n">1</subfield>
    <subfield code="s">3</subfield>
    <subfield code="2">lcmpt</subfield>
  </datafield>
  <datafield tag="490" ind1="1" ind2=" ">
    <subfield code="6">880-04</subfield>
    <subfield code="a">Msq-i navh-i Irn =</subfield>
    <subfield code="a">Regional Music of Iran ;</subfield>
    <subfield code="v">69</subfield>
  </datafield>
  <datafield tag="546" ind1=" " ind2=" ">
    <subfield code="a">Sung in Baluchi and Persian.</subfield>
  </datafield>
  <datafield tag="500" ind1=" " ind2=" ">
    <subfield code="a">Title from disc label.</subfield>
  </datafield>
  <datafield tag="511" ind1="0" ind2=" ">
    <subfield code="a">Es&apos;hq Baluch-nasab (CD 1, tracks 1-2), Qderbaksh (CD 1, tracks 3-5; CD 2, tracks 1-3), vocal, tanburag ; Ali-Mohammad Baluch (CD 1, tracks 1-2), Karimbaksh Nuri (CD 1, tracks 3-5; CD 2, tracks 1-3), Sabzal (CD 2, tracks 4-8), sorud ; unidentified musician (CD 1, tracks 1-2), Mollbaksh (CD 1, tracks 3-5; CD 2, tracks 1-3), Sabzal&apos;s son (CD 2, tracks 4-8), tanburag ; Mazr Ebrhim, vocal (CD 2, tracks 4-8).</subfield>
  </datafield>
  <datafield tag="500" ind1=" " ind2=" ">
    <subfield code="a">Recording &amp; accompanying notes by Jean During.</subfield>
  </datafield>
  <datafield tag="518" ind1=" " ind2=" ">
    <subfield code="a">CD 1, tracks 1-2</subfield>
    <subfield code="o">Recorded</subfield>
    <subfield code="d">2016 August 19</subfield>
    <subfield code="p">Chbahr, Iran.</subfield>
  </datafield>
  <datafield tag="518" ind1=" " ind2=" ">
    <subfield code="3">CD 1, tracks 3-5 and CD 2, tracks 1-3</subfield>
    <subfield code="o">Recorded live</subfield>
    <subfield code="d">1995 January</subfield>
    <subfield code="p">Karachi, Pakistan.</subfield>
  </datafield>
  <datafield tag="518" ind1=" " ind2=" ">
    <subfield code="3">CD 2, tracks 4-8</subfield>
    <subfield code="o">Recorded</subfield>
    <subfield code="d">1995 January</subfield>
    <subfield code="p">Gwadar, Pakistan.</subfield>
  </datafield>
  <datafield tag="500" ind1=" " ind2=" ">
    <subfield code="a">Program notes in Persian and English by Jean During, with bibliographical references (19, 15 pages : portraits) inserted in container.</subfield>
  </datafield>
  <datafield tag="505" ind1="0" ind2=" ">
    <subfield code="a">CD 1: Lyric poem Bashkard (17:38) -- Epic of Blch (10:28) -- Excerpt from the epic Dd o Blch (11:43) ; Dd o Blch : continuation (20:55) ; Dd o Blch : continuation (13:01) --</subfield>
  </datafield>
  <datafield tag="505" ind1="8" ind2=" ">
    <subfield code="a">CD 2. Dd o Blch ; continuation (7:38) -- Tale of Mundrik (15:49) -- Sufi ghazal (8:16) -- Sowt : Mara gotaw dochar kapaki (5:09) -- Sufi ghazal : Nemidnam che manzel bud (5:52) -- Shervandi : excerpt from the epic of Hni o Shemorid (10:00) -- Shervandi lyric poem of Moll Fzol (8:56) -- Shervandi : excerpt from the heroic ballad Bibagr (10:58).</subfield>
  </datafield>
  <datafield tag="505" ind1="0" ind2=" ">
    <subfield code="6">880-05</subfield>
    <subfield code="a">CD 1. Shir-i ghiny bashkard ; imsah-yi blch ; Bakhsh az imsah-yi dd va blch ; Dd va blch ; Dd va blch -- CD 2. Dd va blch ; Afsnah-yi Mndrk ; Ghazal-i fiynah ; awt ; Ghazl-i fiynah ; imsah-yi Hn va Shah Murd ; Shir-i Mull Fzil ; Sharvand : bbagr.</subfield>
  </datafield>
  <datafield tag="650" ind1=" " ind2="0">
    <subfield code="a">Folk songs, Baluchi</subfield>
    <subfield code="z">Iran</subfield>
    <subfield code="z">Sstn va Balchistn.</subfield>
  </datafield>
  <datafield tag="650" ind1=" " ind2="0">
    <subfield code="a">Folk songs, Persian</subfield>
    <subfield code="z">Iran</subfield>
    <subfield code="z">Sstn va Balchistn.</subfield>
  </datafield>
  <datafield tag="650" ind1=" " ind2="0">
    <subfield code="a">Folk music</subfield>
    <subfield code="z">Iran</subfield>
    <subfield code="z">Sstn va Balchistn.</subfield>
  </datafield>
  <datafield tag="650" ind1=" " ind2="0">
    <subfield code="a">Music</subfield>
    <subfield code="z">Iran</subfield>
    <subfield code="z">Sstn va Balchistn.</subfield>
  </datafield>
  <datafield tag="650" ind1=" " ind2="0">
    <subfield code="a">Baluchi (Southwest Asian people)</subfield>
    <subfield code="z">Iran</subfield>
    <subfield code="z">Sstn va Balchistn</subfield>
    <subfield code="v">Music.</subfield>
  </datafield>
  <datafield tag="655" ind1=" " ind2="7">
    <subfield code="a">Folk music.</subfield>
    <subfield code="2">lcgft</subfield>
  </datafield>
  <datafield tag="655" ind1=" " ind2="7">
    <subfield code="a">Folk songs.</subfield>
    <subfield code="2">lcgft</subfield>
  </datafield>
  <datafield tag="655" ind1=" " ind2="7">
    <subfield code="a">Epic songs.</subfield>
    <subfield code="2">lcgft</subfield>
  </datafield>
  <datafield tag="655" ind1=" " ind2="7">
    <subfield code="a">Field recordings.</subfield>
    <subfield code="2">lcgft</subfield>
  </datafield>
  <datafield tag="655" ind1=" " ind2="7">
    <subfield code="a">Live sound recordings.</subfield>
    <subfield code="2">lcgft</subfield>
  </datafield>
  <datafield tag="700" ind1="1" ind2=" ">
    <subfield code="a">During, Jean,</subfield>
    <subfield code="d">1947-</subfield>
    <subfield code="e">recordist,</subfield>
    <subfield code="e">writer of added commentary.</subfield>
  </datafield>
  <datafield tag="710" ind1="2" ind2=" ">
    <subfield code="6">880-06</subfield>
    <subfield code="a">Muassasah-i Farhang-i Hunar-i Mhr,</subfield>
    <subfield code="e">publisher.</subfield>
  </datafield>
  <datafield tag="830" ind1=" " ind2="0">
    <subfield code="6">880-07</subfield>
    <subfield code="a">Msq-i nav-i rn ;</subfield>
    <subfield code="v">69.</subfield>
  </datafield>
  <datafield tag="880" ind1="0" ind2="0">
    <subfield code="6">245-01/(3/r</subfield>
    <subfield code="a">  :      =</subfield>
    <subfield code="b">Music of Baluchestan Shervandi, Baluch Epic Bards /</subfield>
    <subfield code="c">    .</subfield>
  </datafield>
  <datafield tag="880" ind1="3" ind2=" ">
    <subfield code="6">246-02/(3/r</subfield>
    <subfield code="a">   </subfield>
  </datafield>
  <datafield tag="880" ind1=" " ind2="1">
    <subfield code="6">264-03/(3/r</subfield>
    <subfield code="a"> :</subfield>
    <subfield code="b">  -  </subfield>
    <subfield code="c">1396 [2017]</subfield>
  </datafield>
  <datafield tag="880" ind1="1" ind2=" ">
    <subfield code="6">490-04/(3/r</subfield>
    <subfield code="a">   =</subfield>
    <subfield code="a">Regional Music of Iran ;</subfield>
    <subfield code="v">69</subfield>
  </datafield>
  <datafield tag="880" ind1="0" ind2=" ">
    <subfield code="6">505-05/(3/r</subfield>
    <subfield code="a">CD 1.                       CD 2.                           : .</subfield>
  </datafield>
  <datafield tag="880" ind1="2" ind2=" ">
    <subfield code="6">710-06/(3/r</subfield>
    <subfield code="a">   .</subfield>
  </datafield>
  <datafield tag="880" ind1=" " ind2="0">
    <subfield code="6">830-07/(3/r</subfield>
    <subfield code="a">   </subfield>
    <subfield code="v">69.</subfield>
  </datafield>
</record>