
<record>
  <leader>05410cam a22004458i 4500</leader>
  <controlfield tag="001">21351135</controlfield>
  <controlfield tag="005">20200103141530.0</controlfield>
  <controlfield tag="008">191001s2020    lau     o    s001 0 eng  </controlfield>
  <controlfield tag="006">m |o d | </controlfield>
  <controlfield tag="007">cr_|||||||||||</controlfield>
  <datafield tag="906" ind1=" " ind2=" ">
    <subfield code="a">7</subfield>
    <subfield code="b">cbc</subfield>
    <subfield code="c">orignew</subfield>
    <subfield code="d">1</subfield>
    <subfield code="e">ecip</subfield>
    <subfield code="f">20</subfield>
    <subfield code="g">y-gencatlg</subfield>
  </datafield>
  <datafield tag="925" ind1="0" ind2=" ">
    <subfield code="a">acquire</subfield>
    <subfield code="e">ecip ebook</subfield>
    <subfield code="x">policy default</subfield>
  </datafield>
  <datafield tag="955" ind1=" " ind2=" ">
    <subfield code="a">ecip ebook 2020-01-03</subfield>
  </datafield>
  <datafield tag="010" ind1=" " ind2=" ">
    <subfield code="a">  2019044181</subfield>
  </datafield>
  <datafield tag="020" ind1=" " ind2=" ">
    <subfield code="a">9780807173671</subfield>
    <subfield code="q">(ePUB)</subfield>
  </datafield>
  <datafield tag="020" ind1=" " ind2=" ">
    <subfield code="a">9780807173664</subfield>
    <subfield code="q">(PDF)</subfield>
  </datafield>
  <datafield tag="020" ind1=" " ind2=" ">
    <subfield code="z">9780807172971</subfield>
    <subfield code="q">(Cloth)</subfield>
  </datafield>
  <datafield tag="040" ind1=" " ind2=" ">
    <subfield code="a">DLC</subfield>
    <subfield code="b">eng</subfield>
    <subfield code="c">DLC</subfield>
    <subfield code="e">rda</subfield>
  </datafield>
  <datafield tag="042" ind1=" " ind2=" ">
    <subfield code="a">pcc</subfield>
  </datafield>
  <datafield tag="043" ind1=" " ind2=" ">
    <subfield code="a">n-us-la</subfield>
  </datafield>
  <datafield tag="050" ind1="0" ind2="0">
    <subfield code="a">F379.N56</subfield>
  </datafield>
  <datafield tag="082" ind1="0" ind2="0">
    <subfield code="a">976.3/35</subfield>
    <subfield code="2">23</subfield>
  </datafield>
  <datafield tag="100" ind1="1" ind2=" ">
    <subfield code="a">Campanella, Richard,</subfield>
    <subfield code="e">author.</subfield>
  </datafield>
  <datafield tag="245" ind1="1" ind2="4">
    <subfield code="a">The West Bank of greater New Orleans :</subfield>
    <subfield code="b">a historical geography /</subfield>
    <subfield code="c">Richard Campanella.</subfield>
  </datafield>
  <datafield tag="263" ind1=" " ind2=" ">
    <subfield code="a">2009</subfield>
  </datafield>
  <datafield tag="264" ind1=" " ind2="1">
    <subfield code="a">Baton Rouge :</subfield>
    <subfield code="b">Louisiana State University Press,</subfield>
    <subfield code="c">2020.</subfield>
  </datafield>
  <datafield tag="300" ind1=" " ind2=" ">
    <subfield code="a">1 online resource</subfield>
  </datafield>
  <datafield tag="336" ind1=" " ind2=" ">
    <subfield code="a">text</subfield>
    <subfield code="b">txt</subfield>
    <subfield code="2">rdacontent</subfield>
  </datafield>
  <datafield tag="337" ind1=" " ind2=" ">
    <subfield code="a">computer</subfield>
    <subfield code="b">n</subfield>
    <subfield code="2">rdamedia</subfield>
  </datafield>
  <datafield tag="338" ind1=" " ind2=" ">
    <subfield code="a">online resource</subfield>
    <subfield code="b">nc</subfield>
    <subfield code="2">rdacarrier</subfield>
  </datafield>
  <datafield tag="500" ind1=" " ind2=" ">
    <subfield code="a">&quot;Published with the support of a Carol Lavin Bernick Faculty Grant from Tulane University&quot;--T.p. verso.</subfield>
  </datafield>
  <datafield tag="500" ind1=" " ind2=" ">
    <subfield code="a">Includes index.</subfield>
  </datafield>
  <datafield tag="505" ind1="0" ind2=" ">
    <subfield code="a">Part 1. Landscape formation, Prehistoric to 1860s -- Sediment upon the sea, people upon the land -- The colonial imperative -- Entrept for contraband -- The formation of villages -- Canals, railroads, ships, and industry -- Crescendo and calamity -- Part 2. Landscape transformation, 1870s to 1940s -- The political chessboard -- A modern economy emerges -- The battle for the Intracoastal Waterway -- Landscape change in three acts -- Flood, wind, and fire -- Bridging the banks, draining the swamps -- Booming times, bombastic visions -- Part 3. Landscape suburbanization, 1950s to present -- From subrural to suburban -- Geographies of ethnicity, race, and class -- Connecting the Crescent City -- Troubles wash ashore -- From suburbia to ethno-urbia -- Cross-bank relations -- The West Banks of the world.</subfield>
  </datafield>
  <datafield tag="520" ind1=" " ind2=" ">
    <subfield code="a">&quot;The West Bank has been a vital part of greater New Orleans since the city&apos;s inception. It has been the Kansas, the Birmingham, the Norfolk, Atlanta, Pullman, and Fort Worth of the metropolis that is, its breadbasket, foundry, shipbuilder, railroad terminal, train manufacturer, and livestock hub. It had been the Gulf South&apos;s St. Louis, in that it had a diversified industrial sector as well as a riverfront, mercantilist, and agricultural economy. It served as a jumping off point to the Western frontier, and a Cannery Row for the estuarine abundance to the south. The West Bank has also been the Queens and Oakland of New Orleans an affordable, if rather plain, border district, proud but not pretentious, pleasant if not prominent, comfortable with its place even though at time anxious about the grandiloquence of its cross river counterpart. The West Bank is home to some of the most diverse demographics in the region, including many immigrants. It is also home to some of the most locally rooted populations, folks who speak in local accents, who retain old cultural traits with a minimum of pomp and self awareness, and, in some cases, who maintain family ownership of lands held since antebellum times. Richard Campanella is the first to examine the West Bank holistically; most books about New Orleans treat it as a sideshow or an afterthought, if at all. The limited literature specifically about the West Bank has been at the community or jurisdictional level; there are books and monographs, for example, on Algiers, Gretna, and Westwego, and Jefferson Parish as a whole. Various dissertations and government reports have been published on specific West Bank topics and spaces therein. However, Campanella&apos;s work is the only comprehensive analysis of the whole sub-region. He positions the West Bank of greater New Orleans front and center, viewing it as a legitimate sub region unto itself, with more holding it together than dividing it into parts. Campanella understands West Bankers to have had agency in their own place making, and he challenges the notion that their story is subsidiary to a more important narrative across the river. The West Bank is not a traditional history of mayoral administrations and important political figures such as Martin Behrman and John Alario. Nor is it a cultural history, paying homage to beloved natives such as Mel Ott and Frankie Ford. Rather, it is a historical geography that is, a spatial explanation of how the West Bank&apos;s cityscape came to be: its terrain, environment, land use, jurisdictions, waterways, industries, infrastructure, systems, subdivisions, neighborhoods, and settlement patterns, past and present. Put simply, Campanella&apos;s study explains how the map of the West Bank took shape, and it positions the sub region in a broader context by recognizing that many other metropolises have their &quot;West Banks.&quot;--</subfield>
    <subfield code="c">Provided by publisher.</subfield>
  </datafield>
  <datafield tag="588" ind1=" " ind2=" ">
    <subfield code="a">Description based on print version record and CIP data provided by publisher; resource not viewed.</subfield>
  </datafield>
  <datafield tag="650" ind1=" " ind2="0">
    <subfield code="a">Neighborhoods</subfield>
    <subfield code="z">Louisiana</subfield>
    <subfield code="z">New Orleans.</subfield>
  </datafield>
  <datafield tag="651" ind1=" " ind2="0">
    <subfield code="a">West Bank (New Orleans, La.)</subfield>
    <subfield code="x">History.</subfield>
  </datafield>
  <datafield tag="651" ind1=" " ind2="0">
    <subfield code="a">New Orleans (La.)</subfield>
    <subfield code="x">Social conditions.</subfield>
  </datafield>
  <datafield tag="776" ind1="0" ind2="8">
    <subfield code="i">Print version:</subfield>
    <subfield code="a">Campanella, Richard.</subfield>
    <subfield code="t">The West Bank of greater New Orleans</subfield>
    <subfield code="d">Baton Rouge : Louisiana State University Press, 2020.</subfield>
    <subfield code="z">9780807172971</subfield>
    <subfield code="w">(DLC) 2019044180</subfield>
  </datafield>
  <datafield tag="985" ind1=" " ind2=" ">
    <subfield code="a">LC online resource</subfield>
    <subfield code="d">2020-01-03</subfield>
  </datafield>
</record>