
<record>
  <leader>01728cam a22003138i 4500</leader>
  <controlfield tag="001">21351138</controlfield>
  <controlfield tag="005">20200103144801.0</controlfield>
  <controlfield tag="008">200103r20202009cou      b    000 0 eng  </controlfield>
  <datafield tag="906" ind1=" " ind2=" ">
    <subfield code="a">0</subfield>
    <subfield code="b">ibc</subfield>
    <subfield code="c">orignew</subfield>
    <subfield code="d">1</subfield>
    <subfield code="e">ecip</subfield>
    <subfield code="f">20</subfield>
    <subfield code="g">y-gencatlg</subfield>
  </datafield>
  <datafield tag="925" ind1="0" ind2=" ">
    <subfield code="a">acquire</subfield>
    <subfield code="b">1 shelf copy</subfield>
    <subfield code="x">policy default</subfield>
  </datafield>
  <datafield tag="955" ind1=" " ind2=" ">
    <subfield code="b">rk11 2020-01-03</subfield>
    <subfield code="i">rk11 2020-01-03 to Dewey</subfield>
  </datafield>
  <datafield tag="010" ind1=" " ind2=" ">
    <subfield code="a">  2019056506</subfield>
  </datafield>
  <datafield tag="020" ind1=" " ind2=" ">
    <subfield code="a">9781559394994</subfield>
    <subfield code="q">(trade paperback)</subfield>
  </datafield>
  <datafield tag="040" ind1=" " ind2=" ">
    <subfield code="a">DLC</subfield>
    <subfield code="b">eng</subfield>
    <subfield code="e">rda</subfield>
    <subfield code="c">DLC</subfield>
  </datafield>
  <datafield tag="042" ind1=" " ind2=" ">
    <subfield code="a">pcc</subfield>
  </datafield>
  <datafield tag="050" ind1="0" ind2="0">
    <subfield code="a">BQ7662.4</subfield>
    <subfield code="b">.H43 2020</subfield>
  </datafield>
  <datafield tag="245" ind1="0" ind2="0">
    <subfield code="a">Heart essence of the vast expanse :</subfield>
    <subfield code="b">foundational practices and the transmission of the Longchen nyingthig /</subfield>
    <subfield code="c">translated and introduced by Anne Carolyn Klein (Rigzin Drolma), Dawn Mountain Research Institute ; foreword by Adzom Paylo Rinpoche ; preface by Tulku Thondup Rinpoche ; epilogue by Khetsun Sangpo Rinpoche.</subfield>
  </datafield>
  <datafield tag="263" ind1=" " ind2=" ">
    <subfield code="a">2007</subfield>
  </datafield>
  <datafield tag="264" ind1=" " ind2="1">
    <subfield code="a">Boulder :</subfield>
    <subfield code="b">Snow Lion,</subfield>
    <subfield code="c">2020.</subfield>
  </datafield>
  <datafield tag="300" ind1=" " ind2=" ">
    <subfield code="a">pages cm</subfield>
  </datafield>
  <datafield tag="336" ind1=" " ind2=" ">
    <subfield code="a">text</subfield>
    <subfield code="b">txt</subfield>
    <subfield code="2">rdacontent</subfield>
  </datafield>
  <datafield tag="337" ind1=" " ind2=" ">
    <subfield code="a">unmediated</subfield>
    <subfield code="b">n</subfield>
    <subfield code="2">rdamedia</subfield>
  </datafield>
  <datafield tag="338" ind1=" " ind2=" ">
    <subfield code="a">volume</subfield>
    <subfield code="b">nc</subfield>
    <subfield code="2">rdacarrier</subfield>
  </datafield>
  <datafield tag="520" ind1=" " ind2=" ">
    <subfield code="a">&quot;A beautiful, evocative, and eminently useful array of Tibetan Buddhist texts sharing the foundational practices from the 18th-century master Jigme Lingpa&apos;s Heart Essence transmission&quot;--</subfield>
    <subfield code="c">Provided by publisher.</subfield>
  </datafield>
  <datafield tag="504" ind1=" " ind2=" ">
    <subfield code="a">Includes bibliographical references.</subfield>
  </datafield>
  <datafield tag="650" ind1=" " ind2="0">
    <subfield code="a">Rdzogs-chen.</subfield>
  </datafield>
  <datafield tag="600" ind1="0" ind2="0">
    <subfield code="a">Jigs-med-gling-pa Rang-byung-rdo-rje,</subfield>
    <subfield code="d">1729 or 1730-1798.</subfield>
  </datafield>
  <datafield tag="700" ind1="1" ind2=" ">
    <subfield code="a">Klein, Anne C.,</subfield>
    <subfield code="d">1947-</subfield>
    <subfield code="e">translator,</subfield>
    <subfield code="e">writer of introduction.</subfield>
  </datafield>
  <datafield tag="775" ind1="0" ind2=" ">
    <subfield code="i">Reproduction of (manifestation):</subfield>
    <subfield code="a">Klein, Anne C., 1947-</subfield>
    <subfield code="t">Heart essence of the vast expanse</subfield>
    <subfield code="d">Ithaca, N.Y. : Snow Lion Publications, 2009.</subfield>
    <subfield code="h">214 p. : ill. (chiefly col.) ; 20 cm. + 1 sound disc (digital, MP3 file ; 4 3/4 in.)</subfield>
    <subfield code="w">(DLC) 2008044925</subfield>
  </datafield>
</record>