
<record>
  <leader>03392nam a22004818i 4500</leader>
  <controlfield tag="001">21351156</controlfield>
  <controlfield tag="005">20200103142230.0</controlfield>
  <controlfield tag="008">200102s2020    nyu      b    001 0 eng  </controlfield>
  <datafield tag="906" ind1=" " ind2=" ">
    <subfield code="a">0</subfield>
    <subfield code="b">ibc</subfield>
    <subfield code="c">orignew</subfield>
    <subfield code="d">1</subfield>
    <subfield code="e">ecip</subfield>
    <subfield code="f">20</subfield>
    <subfield code="g">y-gencatlg</subfield>
  </datafield>
  <datafield tag="925" ind1="0" ind2=" ">
    <subfield code="a">acquire</subfield>
    <subfield code="b">1 shelf copy</subfield>
    <subfield code="x">policy default</subfield>
  </datafield>
  <datafield tag="955" ind1=" " ind2=" ">
    <subfield code="b">NIC 2020-01-02</subfield>
  </datafield>
  <datafield tag="010" ind1=" " ind2=" ">
    <subfield code="a">  2020000044</subfield>
  </datafield>
  <datafield tag="020" ind1=" " ind2=" ">
    <subfield code="a">9781501752377</subfield>
    <subfield code="q">(hardcover)</subfield>
  </datafield>
  <datafield tag="020" ind1=" " ind2=" ">
    <subfield code="a">9781501752490</subfield>
    <subfield code="q">(paperback)</subfield>
  </datafield>
  <datafield tag="020" ind1=" " ind2=" ">
    <subfield code="z">9781501752391</subfield>
    <subfield code="q">(pdf)</subfield>
  </datafield>
  <datafield tag="020" ind1=" " ind2=" ">
    <subfield code="z">9781501752384</subfield>
    <subfield code="q">(epub)</subfield>
  </datafield>
  <datafield tag="040" ind1=" " ind2=" ">
    <subfield code="a">NIC/DLC</subfield>
    <subfield code="b">eng</subfield>
    <subfield code="e">rda</subfield>
    <subfield code="c">DLC</subfield>
  </datafield>
  <datafield tag="042" ind1=" " ind2=" ">
    <subfield code="a">pcc</subfield>
  </datafield>
  <datafield tag="043" ind1=" " ind2=" ">
    <subfield code="a">e-gx---</subfield>
  </datafield>
  <datafield tag="050" ind1="0" ind2="0">
    <subfield code="a">B3279.H49</subfield>
  </datafield>
  <datafield tag="100" ind1="1" ind2=" ">
    <subfield code="a">Immanen, Mikko,</subfield>
    <subfield code="d">1982-</subfield>
    <subfield code="e">author.</subfield>
  </datafield>
  <datafield tag="245" ind1="1" ind2="0">
    <subfield code="a">Toward a concrete philosophy :</subfield>
    <subfield code="b">Heidegger and the emergence of the Frankfurt School /</subfield>
    <subfield code="c">Mikko Immanen.</subfield>
  </datafield>
  <datafield tag="263" ind1=" " ind2=" ">
    <subfield code="a">2010</subfield>
  </datafield>
  <datafield tag="264" ind1=" " ind2="1">
    <subfield code="a">Ithaca [New York] :</subfield>
    <subfield code="b">Cornell University Press and Cornell University Library,</subfield>
    <subfield code="c">2020.</subfield>
  </datafield>
  <datafield tag="300" ind1=" " ind2=" ">
    <subfield code="a">pages cm.</subfield>
  </datafield>
  <datafield tag="336" ind1=" " ind2=" ">
    <subfield code="a">text</subfield>
    <subfield code="b">txt</subfield>
    <subfield code="2">rdacontent</subfield>
  </datafield>
  <datafield tag="337" ind1=" " ind2=" ">
    <subfield code="a">unmediated</subfield>
    <subfield code="b">n</subfield>
    <subfield code="2">rdamedia</subfield>
  </datafield>
  <datafield tag="338" ind1=" " ind2=" ">
    <subfield code="a">volume</subfield>
    <subfield code="b">nc</subfield>
    <subfield code="2">rdacarrier</subfield>
  </datafield>
  <datafield tag="490" ind1="1" ind2=" ">
    <subfield code="a">Signale : modern German letters, cultures, and thought</subfield>
  </datafield>
  <datafield tag="504" ind1=" " ind2=" ">
    <subfield code="a">Includes bibliographical references and index.</subfield>
  </datafield>
  <datafield tag="505" ind1="0" ind2=" ">
    <subfield code="a">The Un-Heideggerian Core of Marcuse&apos;s Most Heideggerian Text : the Lukcs Question -- The Hegel Debate : The Pinnacle of Marcuse&apos;s Freiburg Years -- Stakes of the Hegel Debate : Davos, Marxism, and the Black Notebooks -- The Frankfurt Discussion : A Sequel to the Epochal Davos Disputation -- &quot;What Is the Human Being?&quot; Thrown Dasein or Cura Posterior? -- Demythologizing Heidegger&apos;s Thrownness : towards Dialectic of Enlightenment -- Being and Time : The Primacy of Practical Reason Misunderstood -- Critical Theory as a Reply to Heidegger, Scheler, and the &quot;Frankfurt Heideggerians&quot;.</subfield>
  </datafield>
  <datafield tag="520" ind1=" " ind2=" ">
    <subfield code="a">&quot;In the wake of Martin Heidegger&apos;s 1933 Nazi turn, the German Jewish Frankfurt School thinkers Theodor W. Adorno, Max Horkheimer, and Herbert Marcuse understandably saw him as their enemy. This book explores the generative influence that Heidegger&apos;s thinking had on the Frankfurt theorists in the Weimar era. As detailed here, Adorno, Horkheimer, and Marcuse saw Heidegger&apos;s 1927 magnum opus, Being and Time, as a serious effort to make philosophy relevant for life again and as the most provocative challenge to their nascent materialist diagnoses of discontents of German and European modernity. Drawing on previously unexamined autobiographical testimony, lectures, and discussion notes, as well as Heidegger&apos;s 1929 Frankfurt lecture and Black Notebooks, the book reconstructs these overlooked debates, finding in them fruitful intellectual encounters rather than hostile confrontations&quot;--</subfield>
    <subfield code="c">Provided by publisher.</subfield>
  </datafield>
  <datafield tag="600" ind1="1" ind2="0">
    <subfield code="a">Heidegger, Martin,</subfield>
    <subfield code="d">1889-1976</subfield>
    <subfield code="x">Influence.</subfield>
  </datafield>
  <datafield tag="600" ind1="1" ind2="0">
    <subfield code="a">Heidegger, Martin,</subfield>
    <subfield code="d">1889-1976</subfield>
    <subfield code="x">Political and social views.</subfield>
  </datafield>
  <datafield tag="600" ind1="1" ind2="0">
    <subfield code="a">Horkheimer, Max,</subfield>
    <subfield code="d">1895-1973.</subfield>
  </datafield>
  <datafield tag="600" ind1="1" ind2="0">
    <subfield code="a">Adorno, Theodor W.,</subfield>
    <subfield code="d">1903-1969.</subfield>
  </datafield>
  <datafield tag="600" ind1="1" ind2="0">
    <subfield code="a">Marcuse, Herbert,</subfield>
    <subfield code="d">1898-1979.</subfield>
  </datafield>
  <datafield tag="610" ind1="2" ind2="0">
    <subfield code="a">Institut fr Sozialforschung (Frankfurt am Main, Germany)</subfield>
  </datafield>
  <datafield tag="650" ind1=" " ind2="0">
    <subfield code="a">Frankfurt school of sociology.</subfield>
  </datafield>
  <datafield tag="650" ind1=" " ind2="0">
    <subfield code="a">Philosophy, German</subfield>
    <subfield code="y">20th century.</subfield>
  </datafield>
  <datafield tag="776" ind1="0" ind2="8">
    <subfield code="i">Online version:</subfield>
    <subfield code="a">Immanen, Mikko, 1982-</subfield>
    <subfield code="t">Toward a concrete philosophy.</subfield>
    <subfield code="d">Ithaca [New York] : Cornell University Press and Cornell University Library, 2020</subfield>
    <subfield code="z">9781501752391</subfield>
    <subfield code="w">(DLC) 2020000045</subfield>
  </datafield>
  <datafield tag="830" ind1=" " ind2="0">
    <subfield code="a">Signale (Ithaca, N.Y.)</subfield>
  </datafield>
  <datafield tag="985" ind1=" " ind2=" ">
    <subfield code="a">NICCIP</subfield>
    <subfield code="d">2020-01-02</subfield>
  </datafield>
</record>