
<record>
  <leader>02909nam a22004338i 4500</leader>
  <controlfield tag="001">21351159</controlfield>
  <controlfield tag="005">20200103142339.0</controlfield>
  <controlfield tag="008">200102s2020    nyu      b    001 0 eng  </controlfield>
  <datafield tag="906" ind1=" " ind2=" ">
    <subfield code="a">0</subfield>
    <subfield code="b">ibc</subfield>
    <subfield code="c">orignew</subfield>
    <subfield code="d">1</subfield>
    <subfield code="e">ecip</subfield>
    <subfield code="f">20</subfield>
    <subfield code="g">y-gencatlg</subfield>
  </datafield>
  <datafield tag="925" ind1="0" ind2=" ">
    <subfield code="a">acquire</subfield>
    <subfield code="b">1 shelf copy</subfield>
    <subfield code="x">policy default</subfield>
  </datafield>
  <datafield tag="955" ind1=" " ind2=" ">
    <subfield code="b">NIC 2020-01-02</subfield>
  </datafield>
  <datafield tag="010" ind1=" " ind2=" ">
    <subfield code="a">  2020000049</subfield>
  </datafield>
  <datafield tag="020" ind1=" " ind2=" ">
    <subfield code="a">9781501751134</subfield>
    <subfield code="q">(hardcover)</subfield>
  </datafield>
  <datafield tag="020" ind1=" " ind2=" ">
    <subfield code="a">9781501751158</subfield>
    <subfield code="q">(paperback)</subfield>
  </datafield>
  <datafield tag="020" ind1=" " ind2=" ">
    <subfield code="z">9781501751141</subfield>
    <subfield code="q">(pdf)</subfield>
  </datafield>
  <datafield tag="020" ind1=" " ind2=" ">
    <subfield code="z">9781501751196</subfield>
    <subfield code="q">(epub)</subfield>
  </datafield>
  <datafield tag="040" ind1=" " ind2=" ">
    <subfield code="a">NIC/DLC</subfield>
    <subfield code="b">eng</subfield>
    <subfield code="e">rda</subfield>
    <subfield code="c">DLC</subfield>
  </datafield>
  <datafield tag="042" ind1=" " ind2=" ">
    <subfield code="a">pcc</subfield>
  </datafield>
  <datafield tag="043" ind1=" " ind2=" ">
    <subfield code="a">n-us-nd</subfield>
  </datafield>
  <datafield tag="050" ind1="0" ind2="0">
    <subfield code="a">HN80.</subfield>
  </datafield>
  <datafield tag="100" ind1="1" ind2=" ">
    <subfield code="a">Erickson, Jennifer Lynn,</subfield>
    <subfield code="d">1974-</subfield>
    <subfield code="e">author.</subfield>
  </datafield>
  <datafield tag="245" ind1="1" ind2="0">
    <subfield code="a">Race-ing fargo :</subfield>
    <subfield code="b">refugees, citizenship, and the transformation of small cities /</subfield>
    <subfield code="c">Jennifer Erickson.</subfield>
  </datafield>
  <datafield tag="263" ind1=" " ind2=" ">
    <subfield code="a">2009</subfield>
  </datafield>
  <datafield tag="264" ind1=" " ind2="1">
    <subfield code="a">Ithaca [New York] :</subfield>
    <subfield code="b">Cornell University Press,</subfield>
    <subfield code="c">2020.</subfield>
  </datafield>
  <datafield tag="300" ind1=" " ind2=" ">
    <subfield code="a">pages cm</subfield>
  </datafield>
  <datafield tag="336" ind1=" " ind2=" ">
    <subfield code="a">text</subfield>
    <subfield code="b">txt</subfield>
    <subfield code="2">rdacontent</subfield>
  </datafield>
  <datafield tag="337" ind1=" " ind2=" ">
    <subfield code="a">unmediated</subfield>
    <subfield code="b">n</subfield>
    <subfield code="2">rdamedia</subfield>
  </datafield>
  <datafield tag="338" ind1=" " ind2=" ">
    <subfield code="a">volume</subfield>
    <subfield code="b">nc</subfield>
    <subfield code="2">rdacarrier</subfield>
  </datafield>
  <datafield tag="504" ind1=" " ind2=" ">
    <subfield code="a">Includes bibliographical references and index.</subfield>
  </datafield>
  <datafield tag="505" ind1="0" ind2=" ">
    <subfield code="a">Introduction: Valley to the World -- Histories, Assemblages, and the City -- The NGOization of Refugee Resettlement -- Sibling Rivalry: Welfare and Refugee Resettlement -- Incorporating Diversity and Building Social Cohesion -- Resettled Orientalisms: Bosnian Muslims and Roma in Fargo -- Beyond Bare Life: Southern Sudanese in Fargo -- Conclusion: Prairie for the People.</subfield>
  </datafield>
  <datafield tag="520" ind1=" " ind2=" ">
    <subfield code="a">&quot;This book traces the history of refugee resettlement to Fargo, ND, from 1980 to the present, showing how culture, political economy, and institutional transformations collectively contribute to the racialization of white cities like Fargo in ways that complicate their demographics and the space they hold in an American imaginary of the idyllic and homogenous small town. Through participant observation, discourse analysis, multi-sited ethnography, and interviews, Erickson compares citizenship practices among two social service institutions (refugee resettlement and welfare) and two groups of refugees (Bosnians and Southern Sudanese). Through the comparative study of white, secular Muslim Bosnians and black Christian Southern Sudanese, the book demonstrates how cross-cultural and transnational understandings of race, ethnicity, class, religion shape daily citizenship practices and belonging.&quot;--</subfield>
    <subfield code="c">Provided by publisher.</subfield>
  </datafield>
  <datafield tag="650" ind1=" " ind2="0">
    <subfield code="a">Race</subfield>
    <subfield code="x">Social aspects</subfield>
    <subfield code="z">North Dakota</subfield>
    <subfield code="z">Fargo.</subfield>
  </datafield>
  <datafield tag="650" ind1=" " ind2="0">
    <subfield code="a">Refugees</subfield>
    <subfield code="z">North Dakota</subfield>
    <subfield code="z">Fargo.</subfield>
  </datafield>
  <datafield tag="650" ind1=" " ind2="0">
    <subfield code="a">Race awareness</subfield>
    <subfield code="z">North Dakota</subfield>
    <subfield code="z">Fargo.</subfield>
  </datafield>
  <datafield tag="650" ind1=" " ind2="0">
    <subfield code="a">Social integration</subfield>
    <subfield code="z">North Dakota</subfield>
    <subfield code="z">Fargo.</subfield>
  </datafield>
  <datafield tag="650" ind1=" " ind2="0">
    <subfield code="a">Cultural pluralism</subfield>
    <subfield code="z">North Dakota</subfield>
    <subfield code="z">Fargo.</subfield>
  </datafield>
  <datafield tag="650" ind1=" " ind2="0">
    <subfield code="a">Place (Philosophy)</subfield>
    <subfield code="x">Social aspects</subfield>
    <subfield code="z">North Dakota</subfield>
    <subfield code="z">Fargo.</subfield>
  </datafield>
  <datafield tag="776" ind1="0" ind2="8">
    <subfield code="i">Online version:</subfield>
    <subfield code="a">Erickson, Jennifer Lynn, 1974-</subfield>
    <subfield code="t">Race-ing fargo.</subfield>
    <subfield code="d">Ithaca : Cornell University Press, 2020</subfield>
    <subfield code="z">9781501751141</subfield>
    <subfield code="w">(DLC) 2020000050</subfield>
  </datafield>
  <datafield tag="985" ind1=" " ind2=" ">
    <subfield code="a">NICCIP</subfield>
    <subfield code="d">2020-01-02</subfield>
  </datafield>
</record>