
<record>
  <leader>02567cjm a2200481 i 4500</leader>
  <controlfield tag="001">21351166</controlfield>
  <controlfield tag="005">20200103152206.0</controlfield>
  <controlfield tag="007">sd|fsngnnmmned</controlfield>
  <controlfield tag="008">200103p20181997nyuopn|  d        | eng  </controlfield>
  <datafield tag="906" ind1=" " ind2=" ">
    <subfield code="a">0</subfield>
    <subfield code="b">ibc</subfield>
    <subfield code="c">orignew</subfield>
    <subfield code="d">4</subfield>
    <subfield code="e">ncip</subfield>
    <subfield code="f">20</subfield>
    <subfield code="g">y-soundrec</subfield>
  </datafield>
  <datafield tag="925" ind1="0" ind2=" ">
    <subfield code="a">acquire</subfield>
    <subfield code="b">2 shelf copies</subfield>
    <subfield code="x">policy default</subfield>
  </datafield>
  <datafield tag="955" ind1=" " ind2=" ">
    <subfield code="a">qr40 2020-01-03</subfield>
    <subfield code="i">qr40 2020-01-03</subfield>
  </datafield>
  <datafield tag="010" ind1=" " ind2=" ">
    <subfield code="a">  2020615352</subfield>
  </datafield>
  <datafield tag="024" ind1="0" ind2=" ">
    <subfield code="a">700261467306</subfield>
  </datafield>
  <datafield tag="028" ind1="0" ind2="2">
    <subfield code="a">MUL041</subfield>
    <subfield code="b">Mulatta</subfield>
  </datafield>
  <datafield tag="040" ind1=" " ind2=" ">
    <subfield code="a">DLC</subfield>
    <subfield code="b">eng</subfield>
    <subfield code="e">rda</subfield>
    <subfield code="c">DLC</subfield>
  </datafield>
  <datafield tag="050" ind1="0" ind2="0">
    <subfield code="a">SDD 32560</subfield>
  </datafield>
  <datafield tag="100" ind1="1" ind2=" ">
    <subfield code="a">Soldier, Dave,</subfield>
    <subfield code="d">1956-</subfield>
    <subfield code="e">composer.</subfield>
  </datafield>
  <datafield tag="245" ind1="1" ind2="0">
    <subfield code="a">Naked revolution :</subfield>
    <subfield code="b">a socialist realist opera /</subfield>
    <subfield code="c">Dave Soldier ; Maita di Niscemi, libretto ; with Komar &amp; Melamid.</subfield>
  </datafield>
  <datafield tag="264" ind1=" " ind2="1">
    <subfield code="a">[New York, N.Y.] :</subfield>
    <subfield code="b">Mulatta,</subfield>
    <subfield code="c">[2018]</subfield>
  </datafield>
  <datafield tag="300" ind1=" " ind2=" ">
    <subfield code="a">1 audio disc :</subfield>
    <subfield code="b">digital ;</subfield>
    <subfield code="c">4 3/4 in.</subfield>
  </datafield>
  <datafield tag="336" ind1=" " ind2=" ">
    <subfield code="a">performed music</subfield>
    <subfield code="b">prm</subfield>
    <subfield code="2">rdacontent</subfield>
  </datafield>
  <datafield tag="337" ind1=" " ind2=" ">
    <subfield code="a">audio</subfield>
    <subfield code="b">s</subfield>
    <subfield code="2">rdamedia</subfield>
  </datafield>
  <datafield tag="338" ind1=" " ind2=" ">
    <subfield code="a">audio disc</subfield>
    <subfield code="b">sd</subfield>
    <subfield code="2">rdacarrier</subfield>
  </datafield>
  <datafield tag="344" ind1=" " ind2=" ">
    <subfield code="a">digital</subfield>
    <subfield code="2">rdatr</subfield>
  </datafield>
  <datafield tag="344" ind1=" " ind2=" ">
    <subfield code="b">optical</subfield>
    <subfield code="2">rdarm</subfield>
  </datafield>
  <datafield tag="344" ind1=" " ind2=" ">
    <subfield code="g">stereo</subfield>
    <subfield code="2">rdacpc</subfield>
  </datafield>
  <datafield tag="347" ind1=" " ind2=" ">
    <subfield code="a">audio file</subfield>
    <subfield code="2">rdaft</subfield>
  </datafield>
  <datafield tag="347" ind1=" " ind2=" ">
    <subfield code="b">CD audio</subfield>
  </datafield>
  <datafield tag="500" ind1=" " ind2=" ">
    <subfield code="a">Title from container.</subfield>
  </datafield>
  <datafield tag="511" ind1="0" ind2=" ">
    <subfield code="a">Elena Mindlina, soprano ; Oleg Ryabets, countertenor ; Timur Bekbosunov, tenor ; Vladimir Avetsian, baritone, accordion ; The Manhattan Chamber Orchestra (Richard Auldon Clark, conductor ; Yuri Lemeshev, accordion ; Karen Rostron, violin ; Oren Fader, guitar) ; featuring Jimmy Justice ; with accompanying choir.</subfield>
  </datafield>
  <datafield tag="518" ind1=" " ind2=" ">
    <subfield code="3">Orchestra, Ryabets, Justice vocals</subfield>
    <subfield code="o">Recorded</subfield>
    <subfield code="d">1997</subfield>
    <subfield code="p">The Kitchen.</subfield>
  </datafield>
  <datafield tag="518" ind1=" " ind2=" ">
    <subfield code="3">Mindlina, Bekbosunov, Avestian vocals</subfield>
    <subfield code="o">Recorded</subfield>
    <subfield code="d">2017-2018</subfield>
    <subfield code="p">Dubway Studios.</subfield>
  </datafield>
  <datafield tag="500" ind1=" " ind2=" ">
    <subfield code="a">Premiered at The Kitchen, New York, 1997.</subfield>
  </datafield>
  <datafield tag="500" ind1=" " ind2=" ">
    <subfield code="a">Program notes and libretto on container insert.</subfield>
  </datafield>
  <datafield tag="520" ind1=" " ind2=" ">
    <subfield code="a">Multimedia opera depicting various revolutionaries; CD cover and additional art are selections from a collection of satrical heroic paintings in the style of socialist realism by Komar and Melamid that was released alongside the opera&apos;s premier in 1997.</subfield>
  </datafield>
  <datafield tag="505" ind1="0" ind2=" ">
    <subfield code="a">Act I. Truth truth truth -- Heave ho boys -- Washington&apos;s entrance -- Bullets -- I was not my father&apos;s eldest son -- Act II. Russian maiden&apos;s trio -- When the Devil comes to Moscow -- And when you see a fire -- Lenin at Smolny -- Act III. Remember -- Lenin&apos;s entrance -- I still remember -- Lenin and Washingtons&apos; Trio -- Oh no -- Sing of nature -- Hysteria.</subfield>
  </datafield>
  <datafield tag="650" ind1=" " ind2="0">
    <subfield code="a">Revolutionaries</subfield>
    <subfield code="v">Drama.</subfield>
  </datafield>
  <datafield tag="650" ind1=" " ind2="0">
    <subfield code="a">Operas.</subfield>
  </datafield>
  <datafield tag="655" ind1=" " ind2="7">
    <subfield code="a">Operas.</subfield>
    <subfield code="2">lcgft</subfield>
  </datafield>
  <datafield tag="655" ind1=" " ind2="7">
    <subfield code="a">Librettos.</subfield>
    <subfield code="2">lcgft</subfield>
  </datafield>
  <datafield tag="700" ind1="1" ind2=" ">
    <subfield code="a">Di Niscemi, Maita,</subfield>
    <subfield code="e">librettist.</subfield>
  </datafield>
  <datafield tag="710" ind1="2" ind2=" ">
    <subfield code="a">Komar and Melamid,</subfield>
    <subfield code="e">illustrator.</subfield>
  </datafield>
</record>