
<record>
  <leader>02387cam a22003138i 4500</leader>
  <controlfield tag="001">21351182</controlfield>
  <controlfield tag="005">20200103193222.0</controlfield>
  <controlfield tag="008">200103s2020    pau      b    001 0 eng  </controlfield>
  <datafield tag="906" ind1=" " ind2=" ">
    <subfield code="a">0</subfield>
    <subfield code="b">ibc</subfield>
    <subfield code="c">orignew</subfield>
    <subfield code="d">1</subfield>
    <subfield code="e">ecip</subfield>
    <subfield code="f">20</subfield>
    <subfield code="g">y-gencatlg</subfield>
  </datafield>
  <datafield tag="925" ind1="0" ind2=" ">
    <subfield code="a">acquire</subfield>
    <subfield code="b">1 shelf copy</subfield>
    <subfield code="x">policy default</subfield>
  </datafield>
  <datafield tag="955" ind1=" " ind2=" ">
    <subfield code="b">rk21 2020-01-03</subfield>
    <subfield code="c">rk21 2020-01-03 to rk09 for subj. (telework)</subfield>
  </datafield>
  <datafield tag="010" ind1=" " ind2=" ">
    <subfield code="a">  2019060146</subfield>
  </datafield>
  <datafield tag="020" ind1=" " ind2=" ">
    <subfield code="a">9781799844440</subfield>
    <subfield code="q">(hardcover)</subfield>
  </datafield>
  <datafield tag="020" ind1=" " ind2=" ">
    <subfield code="a">9781799852049</subfield>
    <subfield code="q">(paperback)</subfield>
  </datafield>
  <datafield tag="020" ind1=" " ind2=" ">
    <subfield code="z">9781799844457</subfield>
    <subfield code="q">(ebook)</subfield>
  </datafield>
  <datafield tag="040" ind1=" " ind2=" ">
    <subfield code="a">DLC</subfield>
    <subfield code="b">eng</subfield>
    <subfield code="e">rda</subfield>
    <subfield code="c">DLC</subfield>
  </datafield>
  <datafield tag="042" ind1=" " ind2=" ">
    <subfield code="a">pcc</subfield>
  </datafield>
  <datafield tag="245" ind1="0" ind2="0">
    <subfield code="a">Advancements in computer vision applications in intelligent systems and multimedia technologies /</subfield>
    <subfield code="c">Muhammad Sarfraz, editor.</subfield>
  </datafield>
  <datafield tag="263" ind1=" " ind2=" ">
    <subfield code="a">2005</subfield>
  </datafield>
  <datafield tag="264" ind1=" " ind2="1">
    <subfield code="a">Hershey, PA :</subfield>
    <subfield code="b">Engineering Science Reference, an imprint of IGI Global,</subfield>
    <subfield code="c">[2020]</subfield>
  </datafield>
  <datafield tag="300" ind1=" " ind2=" ">
    <subfield code="a">pages cm</subfield>
  </datafield>
  <datafield tag="336" ind1=" " ind2=" ">
    <subfield code="a">text</subfield>
    <subfield code="b">txt</subfield>
    <subfield code="2">rdacontent</subfield>
  </datafield>
  <datafield tag="337" ind1=" " ind2=" ">
    <subfield code="a">unmediated</subfield>
    <subfield code="b">n</subfield>
    <subfield code="2">rdamedia</subfield>
  </datafield>
  <datafield tag="338" ind1=" " ind2=" ">
    <subfield code="a">volume</subfield>
    <subfield code="b">nc</subfield>
    <subfield code="2">rdacarrier</subfield>
  </datafield>
  <datafield tag="504" ind1=" " ind2=" ">
    <subfield code="a">Includes bibliographical references and index.</subfield>
  </datafield>
  <datafield tag="505" ind1="2" ind2=" ">
    <subfield code="a">A perceptually optimized embedded image coder and quality assessor based both on visual optimization tools : Visual based image quality coding / Abderrahim Bajit, Applied Science National Institute of Knitra Morocco -- Visual classification of formula one races by events, drivers, and time periods / Tobias Lampprecht, University of Reutlingen, Germany, David Salb, University of Reutlingen, Germany, Marek Mauser, University of Reutlingen, Germany, Huub van de Wetering, Technische Universiteit Eindhoven, Netherlands, Michael Burch, Technische Universiteit Eindhoven, Netherlands, Uwe Kloos, Reutlingen University, Germany -- Masking and tracklet building for space debris and NEO observations : The Slovak Image Processing Pipeline / Stanislav Krajcovic, Comenius University, Slovakia, Roman Durikovic, Comenius University, Slovakia, Jir ilha, Comenius University, Slovakia.</subfield>
  </datafield>
  <datafield tag="520" ind1=" " ind2=" ">
    <subfield code="a">&quot;This book discusses innovative developments in computational imaging for solving real-life issues and problems and addresses their execution in various disciplines&quot;--</subfield>
    <subfield code="c">Provided by publisher.</subfield>
  </datafield>
  <datafield tag="700" ind1="1" ind2=" ">
    <subfield code="a">Sarfraz, Muhammad,</subfield>
    <subfield code="e">editor.</subfield>
  </datafield>
  <datafield tag="776" ind1="0" ind2="8">
    <subfield code="i">Online version:</subfield>
    <subfield code="t">Advancements in computer vision applications in intelligent systems and multimedia technologies</subfield>
    <subfield code="d">Hershey, PA : Engineering Science Reference, an imprint of IGI Global, [2020]</subfield>
    <subfield code="z">9781799844457</subfield>
    <subfield code="w">(DLC) 2019060147</subfield>
  </datafield>
</record>