
<record>
  <leader>03504cim a2200853 i 4500</leader>
  <controlfield tag="001">21351186</controlfield>
  <controlfield tag="005">20200103180304.0</controlfield>
  <controlfield tag="007">sd fsngnnmmned</controlfield>
  <controlfield tag="008">200103t20192019nyunnn|e       f  | eng d</controlfield>
  <datafield tag="906" ind1=" " ind2=" ">
    <subfield code="a">7</subfield>
    <subfield code="b">cbc</subfield>
    <subfield code="c">copycat</subfield>
    <subfield code="d">2</subfield>
    <subfield code="e">ncip</subfield>
    <subfield code="f">20</subfield>
    <subfield code="g">y-soundrec</subfield>
  </datafield>
  <datafield tag="925" ind1="0" ind2=" ">
    <subfield code="a">acquire</subfield>
    <subfield code="b">2 shelf copies</subfield>
    <subfield code="x">policy default</subfield>
  </datafield>
  <datafield tag="955" ind1=" " ind2=" ">
    <subfield code="a">qr30 2020-01-03 z-client</subfield>
    <subfield code="i">qr30 2020-01-03</subfield>
  </datafield>
  <datafield tag="010" ind1=" " ind2=" ">
    <subfield code="a">  2020615451</subfield>
  </datafield>
  <datafield tag="020" ind1=" " ind2=" ">
    <subfield code="a">9781250221490</subfield>
  </datafield>
  <datafield tag="020" ind1=" " ind2=" ">
    <subfield code="a">1250221498</subfield>
  </datafield>
  <datafield tag="024" ind1="3" ind2=" ">
    <subfield code="a">9781250221490</subfield>
  </datafield>
  <datafield tag="035" ind1=" " ind2=" ">
    <subfield code="a">(OCoLC)on1100785712</subfield>
  </datafield>
  <datafield tag="037" ind1=" " ind2=" ">
    <subfield code="a">60cw5f</subfield>
    <subfield code="b">Blackstone Publishing</subfield>
  </datafield>
  <datafield tag="037" ind1=" " ind2=" ">
    <subfield code="a">40cw5f</subfield>
    <subfield code="b">Blackstone Publishing</subfield>
  </datafield>
  <datafield tag="040" ind1=" " ind2=" ">
    <subfield code="a">SOM</subfield>
    <subfield code="b">eng</subfield>
    <subfield code="e">rda</subfield>
    <subfield code="c">SOM</subfield>
    <subfield code="d">OCLCQ</subfield>
    <subfield code="d">SOM</subfield>
    <subfield code="d">TEF</subfield>
    <subfield code="d">BLACP</subfield>
    <subfield code="d">TEFMT</subfield>
    <subfield code="d">OCLCF</subfield>
    <subfield code="d">RECBC</subfield>
    <subfield code="d">LIQ</subfield>
    <subfield code="d">IEP</subfield>
    <subfield code="d">CNCAR</subfield>
    <subfield code="d">OCLCQ</subfield>
    <subfield code="d">OCLCO</subfield>
    <subfield code="d">DLC</subfield>
  </datafield>
  <datafield tag="042" ind1=" " ind2=" ">
    <subfield code="a">lccopycat</subfield>
  </datafield>
  <datafield tag="043" ind1=" " ind2=" ">
    <subfield code="a">n-us---</subfield>
    <subfield code="a">e-ur---</subfield>
  </datafield>
  <datafield tag="050" ind1="0" ind2="0">
    <subfield code="a">SDD 32562</subfield>
  </datafield>
  <datafield tag="082" ind1="0" ind2="4">
    <subfield code="a">813.6</subfield>
    <subfield code="2">23</subfield>
  </datafield>
  <datafield tag="100" ind1="1" ind2=" ">
    <subfield code="a">Coes, Ben,</subfield>
    <subfield code="e">author.</subfield>
  </datafield>
  <datafield tag="245" ind1="1" ind2="4">
    <subfield code="a">The Russian :</subfield>
    <subfield code="b">a novel /</subfield>
    <subfield code="c">Ben Coes.</subfield>
  </datafield>
  <datafield tag="250" ind1=" " ind2=" ">
    <subfield code="a">Unabridged.</subfield>
  </datafield>
  <datafield tag="264" ind1=" " ind2="1">
    <subfield code="a">New York, N.Y. :</subfield>
    <subfield code="b">Macmillan Audio,</subfield>
    <subfield code="c">[2019]</subfield>
  </datafield>
  <datafield tag="264" ind1=" " ind2="4">
    <subfield code="c">2019</subfield>
  </datafield>
  <datafield tag="300" ind1=" " ind2=" ">
    <subfield code="a">8 audio discs (approximately 9 hr., 19 min.) :</subfield>
    <subfield code="b">CD audio, digital ;</subfield>
    <subfield code="c">4 3/4 in.</subfield>
  </datafield>
  <datafield tag="306" ind1=" " ind2=" ">
    <subfield code="a">091900</subfield>
  </datafield>
  <datafield tag="336" ind1=" " ind2=" ">
    <subfield code="a">spoken word</subfield>
    <subfield code="b">spw</subfield>
    <subfield code="2">rdacontent</subfield>
  </datafield>
  <datafield tag="337" ind1=" " ind2=" ">
    <subfield code="a">audio</subfield>
    <subfield code="b">s</subfield>
    <subfield code="2">rdamedia</subfield>
  </datafield>
  <datafield tag="338" ind1=" " ind2=" ">
    <subfield code="a">audio disc</subfield>
    <subfield code="b">sd</subfield>
    <subfield code="2">rdacarrier</subfield>
  </datafield>
  <datafield tag="344" ind1=" " ind2=" ">
    <subfield code="a">digital</subfield>
    <subfield code="2">rdatr</subfield>
  </datafield>
  <datafield tag="344" ind1=" " ind2=" ">
    <subfield code="b">optical</subfield>
    <subfield code="2">rdarm</subfield>
  </datafield>
  <datafield tag="347" ind1=" " ind2=" ">
    <subfield code="a">audio file</subfield>
    <subfield code="2">rdaft</subfield>
  </datafield>
  <datafield tag="347" ind1=" " ind2=" ">
    <subfield code="b">CD audio</subfield>
  </datafield>
  <datafield tag="490" ind1="0" ind2=" ">
    <subfield code="a">Rob Tacoma ;</subfield>
    <subfield code="v">Book 1</subfield>
  </datafield>
  <datafield tag="500" ind1=" " ind2=" ">
    <subfield code="a">Title from web page.</subfield>
  </datafield>
  <datafield tag="511" ind1="0" ind2=" ">
    <subfield code="a">Read by Ari Fliakos.</subfield>
  </datafield>
  <datafield tag="500" ind1=" " ind2=" ">
    <subfield code="a">Compact discs.</subfield>
  </datafield>
  <datafield tag="520" ind1=" " ind2=" ">
    <subfield code="a">When criminals from the former Soviet Union establish a vicious underworld in the U.S., former Navy SEAL and CIA agent Rob Tacoma conducts a top-secret mission to neutralize the mob boss behind the murder of a CIA Special Ops leader.</subfield>
  </datafield>
  <datafield tag="650" ind1=" " ind2="0">
    <subfield code="a">Executive orders</subfield>
    <subfield code="z">United States</subfield>
    <subfield code="v">Fiction.</subfield>
  </datafield>
  <datafield tag="650" ind1=" " ind2="0">
    <subfield code="a">Undercover operations</subfield>
    <subfield code="v">Fiction.</subfield>
  </datafield>
  <datafield tag="650" ind1=" " ind2="0">
    <subfield code="a">Russians</subfield>
    <subfield code="z">United States</subfield>
    <subfield code="v">Fiction.</subfield>
  </datafield>
  <datafield tag="650" ind1=" " ind2="0">
    <subfield code="a">Intelligence officers</subfield>
    <subfield code="v">Fiction.</subfield>
  </datafield>
  <datafield tag="650" ind1=" " ind2="0">
    <subfield code="a">Intelligence officers</subfield>
    <subfield code="x">Crimes against</subfield>
    <subfield code="v">Fiction.</subfield>
  </datafield>
  <datafield tag="650" ind1=" " ind2="0">
    <subfield code="a">Organized crime</subfield>
    <subfield code="z">United States</subfield>
    <subfield code="v">Fiction.</subfield>
  </datafield>
  <datafield tag="650" ind1=" " ind2="0">
    <subfield code="a">Mafia</subfield>
    <subfield code="z">Russia</subfield>
    <subfield code="v">Fiction.</subfield>
  </datafield>
  <datafield tag="650" ind1=" " ind2="0">
    <subfield code="a">Assassins</subfield>
    <subfield code="v">Fiction.</subfield>
  </datafield>
  <datafield tag="650" ind1=" " ind2="0">
    <subfield code="a">Assassination</subfield>
    <subfield code="v">Fiction.</subfield>
  </datafield>
  <datafield tag="650" ind1=" " ind2="7">
    <subfield code="a">FICTION</subfield>
    <subfield code="x">Thrillers</subfield>
    <subfield code="x">General.</subfield>
    <subfield code="2">bisacsh</subfield>
  </datafield>
  <datafield tag="650" ind1=" " ind2="7">
    <subfield code="a">FICTION</subfield>
    <subfield code="x">Thrillers</subfield>
    <subfield code="x">Military.</subfield>
    <subfield code="2">bisacsh</subfield>
  </datafield>
  <datafield tag="650" ind1=" " ind2="7">
    <subfield code="a">FICTION</subfield>
    <subfield code="x">Thrillers</subfield>
    <subfield code="x">Crime.</subfield>
    <subfield code="2">bisacsh</subfield>
  </datafield>
  <datafield tag="650" ind1=" " ind2="7">
    <subfield code="a">Executive orders.</subfield>
    <subfield code="2">fast</subfield>
    <subfield code="0">(OCoLC)fst00917855</subfield>
  </datafield>
  <datafield tag="650" ind1=" " ind2="7">
    <subfield code="a">Intelligence officers.</subfield>
    <subfield code="2">fast</subfield>
    <subfield code="0">(OCoLC)fst00975843</subfield>
  </datafield>
  <datafield tag="650" ind1=" " ind2="7">
    <subfield code="a">Mafia.</subfield>
    <subfield code="2">fast</subfield>
    <subfield code="0">(OCoLC)fst01005389</subfield>
  </datafield>
  <datafield tag="650" ind1=" " ind2="7">
    <subfield code="a">Organized crime.</subfield>
    <subfield code="2">fast</subfield>
    <subfield code="0">(OCoLC)fst01047884</subfield>
  </datafield>
  <datafield tag="650" ind1=" " ind2="7">
    <subfield code="a">Russians.</subfield>
    <subfield code="2">fast</subfield>
    <subfield code="0">(OCoLC)fst01102429</subfield>
  </datafield>
  <datafield tag="650" ind1=" " ind2="7">
    <subfield code="a">Undercover operations.</subfield>
    <subfield code="2">fast</subfield>
    <subfield code="0">(OCoLC)fst01160879</subfield>
  </datafield>
  <datafield tag="651" ind1=" " ind2="7">
    <subfield code="a">Russia (Federation)</subfield>
    <subfield code="2">fast</subfield>
    <subfield code="0">(OCoLC)fst01262050</subfield>
  </datafield>
  <datafield tag="651" ind1=" " ind2="7">
    <subfield code="a">United States.</subfield>
    <subfield code="2">fast</subfield>
    <subfield code="0">(OCoLC)fst01204155</subfield>
  </datafield>
  <datafield tag="655" ind1=" " ind2="7">
    <subfield code="a">Thrillers (Fiction)</subfield>
    <subfield code="2">lcgft</subfield>
  </datafield>
  <datafield tag="655" ind1=" " ind2="7">
    <subfield code="a">Audiobooks.</subfield>
    <subfield code="2">fast</subfield>
    <subfield code="0">(OCoLC)fst01726208</subfield>
  </datafield>
  <datafield tag="655" ind1=" " ind2="7">
    <subfield code="a">Fiction.</subfield>
    <subfield code="2">fast</subfield>
    <subfield code="0">(OCoLC)fst01423787</subfield>
  </datafield>
  <datafield tag="655" ind1=" " ind2="7">
    <subfield code="a">Thrillers (Fiction)</subfield>
    <subfield code="2">fast</subfield>
    <subfield code="0">(OCoLC)fst01726755</subfield>
  </datafield>
  <datafield tag="655" ind1=" " ind2="7">
    <subfield code="a">Suspense fiction.</subfield>
    <subfield code="2">gsafd</subfield>
  </datafield>
  <datafield tag="655" ind1=" " ind2="7">
    <subfield code="a">Audiobooks.</subfield>
    <subfield code="2">lcgft</subfield>
  </datafield>
  <datafield tag="655" ind1=" " ind2="7">
    <subfield code="a">Action and adventure fiction.</subfield>
    <subfield code="2">lcgft</subfield>
  </datafield>
  <datafield tag="700" ind1="1" ind2=" ">
    <subfield code="a">Fliakos, Ari,</subfield>
    <subfield code="e">narrator.</subfield>
  </datafield>
  <datafield tag="856" ind1="4" ind2=" ">
    <subfield code="3">RBMedia</subfield>
    <subfield code="u">http://d2cv0ie6dlin9h.cloudfront.net/DD44914/DD44914_image_148x230.jpg</subfield>
  </datafield>
  <datafield tag="856" ind1="4" ind2=" ">
    <subfield code="3">recordedbooks.com</subfield>
    <subfield code="u">https://www.recordedbooks.com/title-details/9781250221490</subfield>
  </datafield>
  <datafield tag="856" ind1="4" ind2=" ">
    <subfield code="3">View cover art</subfield>
    <subfield code="u">http://midwesttapes.com/images/movies/000/000/000/012/243/000000000012243314.jpg</subfield>
  </datafield>
</record>