
<record>
  <leader>04756cam a22004578i 4500</leader>
  <controlfield tag="001">21351195</controlfield>
  <controlfield tag="005">20200103144940.0</controlfield>
  <controlfield tag="008">191230s2020    ncu     o     001 0deng  </controlfield>
  <controlfield tag="006">m |o d | </controlfield>
  <controlfield tag="007">cr_|||||||||||</controlfield>
  <datafield tag="906" ind1=" " ind2=" ">
    <subfield code="a">7</subfield>
    <subfield code="b">cbc</subfield>
    <subfield code="c">orignew</subfield>
    <subfield code="d">1</subfield>
    <subfield code="e">ecip</subfield>
    <subfield code="f">20</subfield>
    <subfield code="g">y-gencatlg</subfield>
  </datafield>
  <datafield tag="925" ind1="0" ind2=" ">
    <subfield code="a">acquire</subfield>
    <subfield code="e">ecip ebook</subfield>
    <subfield code="x">policy default</subfield>
  </datafield>
  <datafield tag="955" ind1=" " ind2=" ">
    <subfield code="a">ecip ebook 2020-01-03</subfield>
  </datafield>
  <datafield tag="010" ind1=" " ind2=" ">
    <subfield code="a">  2019036071</subfield>
  </datafield>
  <datafield tag="020" ind1=" " ind2=" ">
    <subfield code="a">9781478007463</subfield>
    <subfield code="q">(ebook)</subfield>
  </datafield>
  <datafield tag="020" ind1=" " ind2=" ">
    <subfield code="z">9781478006022</subfield>
    <subfield code="q">(hardcover)</subfield>
  </datafield>
  <datafield tag="040" ind1=" " ind2=" ">
    <subfield code="a">DLC</subfield>
    <subfield code="b">eng</subfield>
    <subfield code="c">DLC</subfield>
    <subfield code="e">rda</subfield>
  </datafield>
  <datafield tag="042" ind1=" " ind2=" ">
    <subfield code="a">pcc</subfield>
  </datafield>
  <datafield tag="043" ind1=" " ind2=" ">
    <subfield code="a">e-ur---</subfield>
  </datafield>
  <datafield tag="050" ind1="0" ind2="0">
    <subfield code="a">TR140.P76</subfield>
  </datafield>
  <datafield tag="082" ind1="0" ind2="0">
    <subfield code="a">770.92</subfield>
    <subfield code="a">B</subfield>
    <subfield code="2">23</subfield>
  </datafield>
  <datafield tag="100" ind1="1" ind2=" ">
    <subfield code="a">Brumfield, William Craft,</subfield>
    <subfield code="d">1944-</subfield>
    <subfield code="e">author.</subfield>
  </datafield>
  <datafield tag="245" ind1="1" ind2="0">
    <subfield code="a">Journeys through the Russian Empire :</subfield>
    <subfield code="b">the photographic legacy of Sergey Prokudin-Gorsky /</subfield>
    <subfield code="c">William Craft Brumfield.</subfield>
  </datafield>
  <datafield tag="263" ind1=" " ind2=" ">
    <subfield code="a">2005</subfield>
  </datafield>
  <datafield tag="264" ind1=" " ind2="1">
    <subfield code="a">Durham :</subfield>
    <subfield code="b">Duke University Press,</subfield>
    <subfield code="c">2020.</subfield>
  </datafield>
  <datafield tag="300" ind1=" " ind2=" ">
    <subfield code="a">1 online resource</subfield>
  </datafield>
  <datafield tag="336" ind1=" " ind2=" ">
    <subfield code="a">text</subfield>
    <subfield code="b">txt</subfield>
    <subfield code="2">rdacontent</subfield>
  </datafield>
  <datafield tag="337" ind1=" " ind2=" ">
    <subfield code="a">computer</subfield>
    <subfield code="b">n</subfield>
    <subfield code="2">rdamedia</subfield>
  </datafield>
  <datafield tag="338" ind1=" " ind2=" ">
    <subfield code="a">online resource</subfield>
    <subfield code="b">nc</subfield>
    <subfield code="2">rdacarrier</subfield>
  </datafield>
  <datafield tag="500" ind1=" " ind2=" ">
    <subfield code="a">Includes index.</subfield>
  </datafield>
  <datafield tag="505" ind1="0" ind2=" ">
    <subfield code="a">Introduction: An unsentimental journey -- Part I: Documenting cultural legacies of an empire. Sergey Prokudin-Gorsky : photographer of an empire -- The intertwining fates of two collections : the Prokudin-Gorsky Collection, The Library of Congress; The William Craft Brumfield Collection, National Gallery of Art -- Part II: Journeys.The ancient heartland -- The West : from Smolensk southward to Ryazan -- The Northwest : from Lake Ladoga to the Volga Basin -- The Upper Volga Basin : from the Valdai Heights to Torzhok -- The Volga from Uglich to Yurevets -- From the Ural Mountains into Siberia -- Central Asia-Turkestan -- North to the Solovetsky Islands -- Conclusion: Above the abyss : a reflection on photographs as an instrument of memory.</subfield>
  </datafield>
  <datafield tag="520" ind1=" " ind2=" ">
    <subfield code="a">&quot;JOURNEYS THROUGH THE RUSSIAN EMPIRE will contain about four hundred photographs, accompanied by historical contextualization. The project compares William Brumfield&apos;s photographs of churches and locations in Russia with the same structures and places photographed by Sergei Prokudin-Gorsky, an early-20th-century Russian inventor of a color photography process, as much as a century earlier. Through this comparison, Brumfield assesses the state of preservation of Russia&apos;s architectural heritage and examines the appeal and pitfalls of seeing Prokudin-Gorsky&apos;s striking images as a recovery of Russia&apos;s lost past. Brumfield examines fervent Russian engagement with the Prokudin-Gorsky collection, which was recently made broadly available through digitization. The author questions the nostalgic assumptions of many analysts, who see the images as a portrayal of an idyllic Russia intact before the Soviet era and neglect the imperial violence present before the revolution. Prokudin-Gorsky himself was idealistic about the imperial potential. He intended his new color photography to convey the cultural and ethnic diversity of the vast Russian Empire, using this medium to impart a visual message from the provinces to the urban centers about the richness of Russia&apos;s history, culture, and borderlands. He escaped Russia in 1918 with many of the heavy glass negatives he used, and the Library of Congress ultimately bought the collection. Because of his own field experience photographing Russian architectural monuments, Brumfield was approached to catalog, restore, and exhibit Prokudin-Gorsky&apos;s photographs. While working on the project, he realized how much the two photographer&apos;s journeys across Russia had, unintentionally, intersected. His own photographic project accelerated with the relaxation of travel restrictions within the Soviet Union during the late 1980s; he documents the remnants of Russia&apos;s architectural heritage, and its expression of history, art, and spiritual culture, that Prokudin-Gorsky recorded earlier. This project will be of particular interest to scholars and students of Russian history, art, and architecture, as well as general readers interested in photography and historic preservation&quot;--</subfield>
    <subfield code="c">Provided by publisher.</subfield>
  </datafield>
  <datafield tag="588" ind1=" " ind2=" ">
    <subfield code="a">Description based on print version record and CIP data provided by publisher; resource not viewed.</subfield>
  </datafield>
  <datafield tag="600" ind1="1" ind2="0">
    <subfield code="a">Prokudin-Gorski, Serge Mikhalovich,</subfield>
    <subfield code="d">1863-1944.</subfield>
  </datafield>
  <datafield tag="600" ind1="1" ind2="0">
    <subfield code="a">Brumfield, William Craft,</subfield>
    <subfield code="d">1944-</subfield>
  </datafield>
  <datafield tag="650" ind1=" " ind2="0">
    <subfield code="a">Photographers</subfield>
    <subfield code="z">Russia</subfield>
    <subfield code="v">Biography.</subfield>
  </datafield>
  <datafield tag="650" ind1=" " ind2="0">
    <subfield code="a">Color photography</subfield>
    <subfield code="z">Russia</subfield>
    <subfield code="x">History.</subfield>
  </datafield>
  <datafield tag="650" ind1=" " ind2="0">
    <subfield code="a">Architecture</subfield>
    <subfield code="z">Russia</subfield>
    <subfield code="x">History</subfield>
    <subfield code="v">Pictorial works.</subfield>
  </datafield>
  <datafield tag="650" ind1=" " ind2="0">
    <subfield code="a">Architectural photography</subfield>
    <subfield code="z">Russia</subfield>
    <subfield code="v">Pictorial works.</subfield>
  </datafield>
  <datafield tag="776" ind1="0" ind2="8">
    <subfield code="i">Print version:</subfield>
    <subfield code="a">Brumfield, William Craft, 1944-</subfield>
    <subfield code="t">Journeys through the Russian Empire</subfield>
    <subfield code="d">Durham : Duke University Press, 2020.</subfield>
    <subfield code="z">9781478006022</subfield>
    <subfield code="w">(DLC) 2019036070</subfield>
  </datafield>
  <datafield tag="985" ind1=" " ind2=" ">
    <subfield code="a">LC online resource</subfield>
    <subfield code="d">2020-01-03</subfield>
  </datafield>
</record>