
<record>
  <leader>04843cjm a2200721 i 4500</leader>
  <controlfield tag="001">21351211</controlfield>
  <controlfield tag="005">20200103155115.0</controlfield>
  <controlfield tag="007">sd fsngnnmmnee</controlfield>
  <controlfield tag="008">180430p20181974ir sgnn  i        n bal d</controlfield>
  <datafield tag="906" ind1=" " ind2=" ">
    <subfield code="a">7</subfield>
    <subfield code="b">cbc</subfield>
    <subfield code="c">copycat</subfield>
    <subfield code="d">2</subfield>
    <subfield code="e">ncip</subfield>
    <subfield code="f">20</subfield>
    <subfield code="g">y-soundrec</subfield>
  </datafield>
  <datafield tag="925" ind1="0" ind2=" ">
    <subfield code="a">acquire</subfield>
    <subfield code="b">2 shelf copies</subfield>
    <subfield code="x">policy default</subfield>
  </datafield>
  <datafield tag="955" ind1=" " ind2=" ">
    <subfield code="a">qr39 2020-01-03</subfield>
    <subfield code="i">qr39 2020-01-03</subfield>
  </datafield>
  <datafield tag="040" ind1=" " ind2=" ">
    <subfield code="a">TDF</subfield>
    <subfield code="b">eng</subfield>
    <subfield code="e">rda</subfield>
    <subfield code="c">TDF</subfield>
    <subfield code="d">OCLCQ</subfield>
    <subfield code="d">UMC</subfield>
    <subfield code="d">ZCU</subfield>
    <subfield code="d">OCLCF</subfield>
    <subfield code="d">WLU</subfield>
    <subfield code="d">NOC</subfield>
    <subfield code="d">DLC</subfield>
  </datafield>
  <datafield tag="066" ind1=" " ind2=" ">
    <subfield code="c">(3</subfield>
    <subfield code="c">(4</subfield>
  </datafield>
  <datafield tag="010" ind1=" " ind2=" ">
    <subfield code="a">  2020615053</subfield>
  </datafield>
  <datafield tag="024" ind1="3" ind2=" ">
    <subfield code="a">6260608004945</subfield>
  </datafield>
  <datafield tag="028" ind1="0" ind2="2">
    <subfield code="a">M.CD-516</subfield>
    <subfield code="b">Mahoor Institute of Culture and Arts</subfield>
  </datafield>
  <datafield tag="033" ind1="1" ind2="0">
    <subfield code="a">1974----</subfield>
    <subfield code="a">1975----</subfield>
    <subfield code="b">7624</subfield>
    <subfield code="c">C45</subfield>
    <subfield code="c">I6</subfield>
    <subfield code="b">7623</subfield>
    <subfield code="c">S5</subfield>
  </datafield>
  <datafield tag="035" ind1=" " ind2=" ">
    <subfield code="a">(OCoLC)1054986358</subfield>
  </datafield>
  <datafield tag="041" ind1="0" ind2=" ">
    <subfield code="d">bal</subfield>
    <subfield code="g">eng</subfield>
    <subfield code="g">per</subfield>
  </datafield>
  <datafield tag="043" ind1=" " ind2=" ">
    <subfield code="a">a-ir---</subfield>
  </datafield>
  <datafield tag="050" ind1="0" ind2="0">
    <subfield code="a">SDD 32436</subfield>
  </datafield>
  <datafield tag="245" ind1="0" ind2="0">
    <subfield code="6">880-01</subfield>
    <subfield code="a">Shr dar Balchistn =</subfield>
    <subfield code="b">Sh&apos;eri in Baluchestn.</subfield>
  </datafield>
  <datafield tag="264" ind1=" " ind2="1">
    <subfield code="6">880-02</subfield>
    <subfield code="a">Tihrn :</subfield>
    <subfield code="b">Muassasah-yi Mhr = Mahoor Institute of Culture and Arts,</subfield>
    <subfield code="c">[2018]</subfield>
  </datafield>
  <datafield tag="264" ind1=" " ind2="4">
    <subfield code="c">2018</subfield>
  </datafield>
  <datafield tag="300" ind1=" " ind2=" ">
    <subfield code="a">2 audio discs (120 min., 36 sec.) :</subfield>
    <subfield code="b">digital ;</subfield>
    <subfield code="c">4 3/4 in.</subfield>
  </datafield>
  <datafield tag="306" ind1=" " ind2=" ">
    <subfield code="a">011137</subfield>
    <subfield code="a">004859</subfield>
  </datafield>
  <datafield tag="336" ind1=" " ind2=" ">
    <subfield code="a">performed music</subfield>
    <subfield code="b">prm</subfield>
    <subfield code="2">rdacontent</subfield>
  </datafield>
  <datafield tag="337" ind1=" " ind2=" ">
    <subfield code="a">audio</subfield>
    <subfield code="b">s</subfield>
    <subfield code="2">rdamedia</subfield>
  </datafield>
  <datafield tag="338" ind1=" " ind2=" ">
    <subfield code="a">audio disc</subfield>
    <subfield code="b">sd</subfield>
    <subfield code="2">rdacarrier</subfield>
  </datafield>
  <datafield tag="344" ind1=" " ind2=" ">
    <subfield code="a">digital</subfield>
    <subfield code="2">rdatr</subfield>
  </datafield>
  <datafield tag="344" ind1=" " ind2=" ">
    <subfield code="b">optical</subfield>
    <subfield code="2">rdarm</subfield>
  </datafield>
  <datafield tag="344" ind1=" " ind2=" ">
    <subfield code="g">stereo</subfield>
    <subfield code="2">rdacpc</subfield>
  </datafield>
  <datafield tag="347" ind1=" " ind2=" ">
    <subfield code="a">audio file</subfield>
    <subfield code="2">rdaft</subfield>
  </datafield>
  <datafield tag="347" ind1=" " ind2=" ">
    <subfield code="b">CD audio</subfield>
  </datafield>
  <datafield tag="382" ind1="0" ind2="1">
    <subfield code="3">CD 1, tracks 1, 6, 8</subfield>
    <subfield code="a">male voice</subfield>
    <subfield code="n">1</subfield>
    <subfield code="d">plucked lute</subfield>
    <subfield code="n">1</subfield>
    <subfield code="a"></subfield>
    <subfield code="a">srind</subfield>
    <subfield code="n">1</subfield>
    <subfield code="a">plucked lute</subfield>
    <subfield code="n">1</subfield>
    <subfield code="s">3</subfield>
    <subfield code="2">lcmpt</subfield>
  </datafield>
  <datafield tag="382" ind1="0" ind2="1">
    <subfield code="3">CD 1, tracks 2-3; CD 2, track 2</subfield>
    <subfield code="a">male voice</subfield>
    <subfield code="n">1</subfield>
    <subfield code="d">plucked lute</subfield>
    <subfield code="n">1</subfield>
    <subfield code="a"></subfield>
    <subfield code="a">srind</subfield>
    <subfield code="n">1</subfield>
    <subfield code="s">2</subfield>
    <subfield code="2">lcmpt</subfield>
  </datafield>
  <datafield tag="382" ind1="0" ind2="1">
    <subfield code="3">CD 1, tracks 4-5; CD 2, tracks 4, 8</subfield>
    <subfield code="a">male voice</subfield>
    <subfield code="n">1</subfield>
    <subfield code="d">srind</subfield>
    <subfield code="n">1</subfield>
    <subfield code="a">plucked lute</subfield>
    <subfield code="n">1</subfield>
    <subfield code="s">2</subfield>
    <subfield code="2">lcmpt</subfield>
  </datafield>
  <datafield tag="382" ind1="0" ind2="1">
    <subfield code="3">CD 1, track 7</subfield>
    <subfield code="a">male voice</subfield>
    <subfield code="n">1</subfield>
    <subfield code="d">srind</subfield>
    <subfield code="n">1</subfield>
    <subfield code="s">1</subfield>
    <subfield code="2">lcmpt</subfield>
  </datafield>
  <datafield tag="382" ind1="0" ind2="1">
    <subfield code="3">CD 2, tracks 1, 3, 6, 7</subfield>
    <subfield code="a">male voice</subfield>
    <subfield code="n">1</subfield>
    <subfield code="s">1</subfield>
    <subfield code="2">lcmpt</subfield>
  </datafield>
  <datafield tag="382" ind1="0" ind2="1">
    <subfield code="3">CD 2, track 5</subfield>
    <subfield code="a">male voice</subfield>
    <subfield code="n">2</subfield>
    <subfield code="a">srind</subfield>
    <subfield code="n">1</subfield>
    <subfield code="s">3</subfield>
    <subfield code="2">lcmpt</subfield>
  </datafield>
  <datafield tag="490" ind1="1" ind2=" ">
    <subfield code="a">Regional music of Iran ;</subfield>
    <subfield code="v">70</subfield>
  </datafield>
  <datafield tag="546" ind1=" " ind2=" ">
    <subfield code="a">Sung in Baluchi.</subfield>
  </datafield>
  <datafield tag="500" ind1=" " ind2=" ">
    <subfield code="a">Title from disc label.</subfield>
  </datafield>
  <datafield tag="511" ind1="0" ind2=" ">
    <subfield code="a">Jn Mohammad Mollzehi ; Dor Mohammad Ostdi ; Gholm Ghder Mollzehi ; Mohammad Angru ; La&apos;al Bakhsh Peyk ; Gholm-Heydar Baluch ; Bahrm Surzehi ; and additional performers.</subfield>
  </datafield>
  <datafield tag="500" ind1=" " ind2=" ">
    <subfield code="a">&quot;Collected, researched &amp; accompanying notes by Fozi Majd&quot;--Container.</subfield>
  </datafield>
  <datafield tag="518" ind1=" " ind2=" ">
    <subfield code="o">Recorded</subfield>
    <subfield code="d">1974-1975</subfield>
    <subfield code="p">Chbahr, Iran</subfield>
    <subfield code="p">Irnshahr, Iran</subfield>
    <subfield code="p">Sarvn, Iran</subfield>
    <subfield code="p">Bazmn, Iran</subfield>
    <subfield code="p">Rsk, Iran.</subfield>
  </datafield>
  <datafield tag="500" ind1=" " ind2=" ">
    <subfield code="a">Program notes in Persian and English (18, 8 pages : illustrations) inserted in container.</subfield>
  </datafield>
  <datafield tag="505" ind1="0" ind2=" ">
    <subfield code="a">CD 1: Yssof Khan (Jn Mohammad Mollzehi, vocals, tanbireh ; Dor Mohammad Ostdi, sorud ; Gholm Ghder Mollzehi, tanbireh) (17:42) -- Combat sh&apos;eri (7:35) ; Love sh&apos;eri (5:21) (Jn Mohammad Mollzehi, vocals, tanbireh ; Dor Mohammad Ostdi, sorud) -- Prophetic she&apos;er (8:49) ; Hazrat-e Ali fights against infidels (7:59) (Shebdd Ostdi, vocals, sorud ; La&apos;al Bakhsh Dvudi, tanbireh) -- Dueda (Gholm Ghder Mollzehi, vocals, tanbireh ; Dor Mohammad Ostdi, sorud ; Ghder Bakhsh Rudsz, tanbireh) (11:02) -- The she&apos;er of Ali Akbar Khn (Dd Mohammad Abuzar, vocals, sorud) (4:09) -- Nzink (Jn Mohammad Mollzehi, vocals, tanbireh ; Dor Mohammad Ostdi, sorud ; Gholm Ghder Mollzehi, tanbireh) (8:48) --</subfield>
  </datafield>
  <datafield tag="505" ind1="8" ind2=" ">
    <subfield code="a">CD 2: Combat sh&apos;eri : fighting in Dashtiri (Mohammad Angru, vocals) (3:04) -- Hut Hamal and Mir Chker (La&apos;al Bakhsh Peyk, vocals, tanbireh ; Gholm-Heydar Baluch, sorud) (12:34) -- The battle betweren Mir Navb and Sheikh Mohammad (Mohammad Angru, vocals) (2:53) -- Sheikh Morid and Chker (Bahrm Surzehi, vocals sorud ; Abdolkarim Movahedi, tanbireh) (3:08) -- Najma (Ramezn Keshvarz, Gholm-Ahmad Shekarzehi, vocals ; Delvash Zangshhi, sorud) (14:26) -- Combat she&apos;er (3:00) ; Bibi Zeytun (4:41) (Mohammad Angru, vocals) -- The battle between Mord Khan and Mehrb Khan (Dd Mohammad Abuzar, vocals, sorud ; unidentified performer, tanbireh) (5:12).</subfield>
  </datafield>
  <datafield tag="650" ind1=" " ind2="0">
    <subfield code="a">Folk songs, Baluchi</subfield>
    <subfield code="z">Iran</subfield>
    <subfield code="z">Sstn va Balchistn.</subfield>
  </datafield>
  <datafield tag="650" ind1=" " ind2="0">
    <subfield code="a">Folk music</subfield>
    <subfield code="z">Iran</subfield>
    <subfield code="z">Sstn va Balchistn.</subfield>
  </datafield>
  <datafield tag="650" ind1=" " ind2="0">
    <subfield code="a">Baluchi (Southwest Asian people)</subfield>
    <subfield code="z">Iran</subfield>
    <subfield code="z">Sstn va Balchistn</subfield>
    <subfield code="v">Music.</subfield>
  </datafield>
  <datafield tag="655" ind1=" " ind2="7">
    <subfield code="a">Epic songs.</subfield>
    <subfield code="2">lcgft</subfield>
  </datafield>
  <datafield tag="655" ind1=" " ind2="7">
    <subfield code="a">Folk songs.</subfield>
    <subfield code="2">lcgft</subfield>
  </datafield>
  <datafield tag="655" ind1=" " ind2="7">
    <subfield code="a">Folk music.</subfield>
    <subfield code="2">lcgft</subfield>
  </datafield>
  <datafield tag="655" ind1=" " ind2="7">
    <subfield code="a">Field recordings.</subfield>
    <subfield code="2">lcgft</subfield>
  </datafield>
  <datafield tag="700" ind1="1" ind2=" ">
    <subfield code="6">880-03</subfield>
    <subfield code="a">Majd, Fawzyah,</subfield>
    <subfield code="e">editor,</subfield>
    <subfield code="e">recordist,</subfield>
    <subfield code="e">writer of added commentary.</subfield>
  </datafield>
  <datafield tag="830" ind1=" " ind2="0">
    <subfield code="6">880-04</subfield>
    <subfield code="a">Msq-i nav-i rn ;</subfield>
    <subfield code="v">70.</subfield>
  </datafield>
  <datafield tag="880" ind1="0" ind2="0">
    <subfield code="6">245-01/(3/r</subfield>
    <subfield code="a">   =</subfield>
    <subfield code="b">Sh&apos;eri in Baluchestn.</subfield>
  </datafield>
  <datafield tag="880" ind1=" " ind2="1">
    <subfield code="6">264-02/(3/r</subfield>
    <subfield code="a"> :</subfield>
    <subfield code="b"> </subfield>
    <subfield code="c">[2018]</subfield>
  </datafield>
  <datafield tag="880" ind1="1" ind2=" ">
    <subfield code="6">700-03/(3/r</subfield>
    <subfield code="a"> .</subfield>
  </datafield>
  <datafield tag="880" ind1=" " ind2="0">
    <subfield code="6">830-04/(3/r</subfield>
    <subfield code="a">   </subfield>
    <subfield code="v">70.</subfield>
  </datafield>
</record>