
<record>
  <leader>04150cam a22004335i 4500</leader>
  <controlfield tag="001">21351254</controlfield>
  <controlfield tag="005">20200103152648.0</controlfield>
  <controlfield tag="008">200103t20192019sa a     b    001 0 eng  </controlfield>
  <datafield tag="906" ind1=" " ind2=" ">
    <subfield code="a">0</subfield>
    <subfield code="b">ibc</subfield>
    <subfield code="c">copycat</subfield>
    <subfield code="d">2</subfield>
    <subfield code="e">ncip</subfield>
    <subfield code="f">20</subfield>
    <subfield code="g">y-gencatlg</subfield>
  </datafield>
  <datafield tag="925" ind1="0" ind2=" ">
    <subfield code="a">acquire</subfield>
    <subfield code="b">1 shelf copy</subfield>
    <subfield code="x">policy default</subfield>
  </datafield>
  <datafield tag="955" ind1=" " ind2=" ">
    <subfield code="b">bc22 2020-01-03 z-processor</subfield>
    <subfield code="i">bc22 2020-01-03 to review</subfield>
  </datafield>
  <datafield tag="010" ind1=" " ind2=" ">
    <subfield code="a">  2020212825</subfield>
  </datafield>
  <datafield tag="020" ind1=" " ind2=" ">
    <subfield code="a">9780639995595</subfield>
    <subfield code="q">paperback</subfield>
  </datafield>
  <datafield tag="020" ind1=" " ind2=" ">
    <subfield code="a">0639995594</subfield>
    <subfield code="q">paperback</subfield>
  </datafield>
  <datafield tag="035" ind1=" " ind2=" ">
    <subfield code="a">(OCoLC)on1112605933</subfield>
  </datafield>
  <datafield tag="040" ind1=" " ind2=" ">
    <subfield code="a">OI@</subfield>
    <subfield code="b">eng</subfield>
    <subfield code="c">OI@</subfield>
    <subfield code="e">rda</subfield>
    <subfield code="d">OI@</subfield>
    <subfield code="d">OCLCF</subfield>
    <subfield code="d">TEU</subfield>
    <subfield code="d">YDXIT</subfield>
    <subfield code="d">OCLCO</subfield>
    <subfield code="d">OCLCA</subfield>
    <subfield code="d">DLC</subfield>
  </datafield>
  <datafield tag="042" ind1=" " ind2=" ">
    <subfield code="a">lccopycat</subfield>
  </datafield>
  <datafield tag="043" ind1=" " ind2=" ">
    <subfield code="a">f------</subfield>
  </datafield>
  <datafield tag="050" ind1="0" ind2="0">
    <subfield code="a">RA545</subfield>
    <subfield code="b">.E653 2019</subfield>
  </datafield>
  <datafield tag="082" ind1="0" ind2="4">
    <subfield code="a">614.4096</subfield>
    <subfield code="2">23</subfield>
  </datafield>
  <datafield tag="245" ind1="0" ind2="0">
    <subfield code="a">Epidemics and the health of African nations /</subfield>
    <subfield code="c">edited by Zamanzima Mazibuko.</subfield>
  </datafield>
  <datafield tag="264" ind1=" " ind2="1">
    <subfield code="a">Woodmead, Johannesburg :</subfield>
    <subfield code="b">Mapungubwe Institute for Strategic Reflection,</subfield>
    <subfield code="c">2019.</subfield>
  </datafield>
  <datafield tag="264" ind1=" " ind2="4">
    <subfield code="c">2019</subfield>
  </datafield>
  <datafield tag="300" ind1=" " ind2=" ">
    <subfield code="a">xxv, 412 pages :</subfield>
    <subfield code="b">illustrations ;</subfield>
    <subfield code="c">24 cm</subfield>
  </datafield>
  <datafield tag="336" ind1=" " ind2=" ">
    <subfield code="a">text</subfield>
    <subfield code="b">txt</subfield>
    <subfield code="2">rdacontent</subfield>
  </datafield>
  <datafield tag="337" ind1=" " ind2=" ">
    <subfield code="a">unmediated</subfield>
    <subfield code="b">n</subfield>
    <subfield code="2">rdamedia</subfield>
  </datafield>
  <datafield tag="338" ind1=" " ind2=" ">
    <subfield code="a">volume</subfield>
    <subfield code="b">nc</subfield>
    <subfield code="2">rdacarrier</subfield>
  </datafield>
  <datafield tag="500" ind1=" " ind2=" ">
    <subfield code="a">&quot;A MISTRA publication&quot;--Cover.</subfield>
  </datafield>
  <datafield tag="504" ind1=" " ind2=" ">
    <subfield code="a">Includes bibliographical references and index.</subfield>
  </datafield>
  <datafield tag="505" ind1="0" ind2="0">
    <subfield code="t">Introduction: epidemics and health systems in Africa /</subfield>
    <subfield code="r">Zamanzima Mazibuko --</subfield>
    <subfield code="t">Syndemics, food security, health, and local environments: chronic undernutrition in Zimbabwe /</subfield>
    <subfield code="r">Bill H. Kinsey --</subfield>
    <subfield code="t">Cholera in Africa in the 21st century: questions of justice and human rights /</subfield>
    <subfield code="r">Sunanda Ray, Farai D. Madzimbamuto, and David Sanders --</subfield>
    <subfield code="t">Outbreaks and epidemics of Malaria in SADC: cycles of frustration in prevention action /</subfield>
    <subfield code="r">Kaka Mudambo --</subfield>
    <subfield code="t">Containing ebola in Nigeria: an African success story /</subfield>
    <subfield code="r">Nathaniel Umukoro --</subfield>
    <subfield code="t">Non-communicable disease epidemics: approaches to prevention and control in Sub-Saharan Africa /</subfield>
    <subfield code="r">Pamela A. Juma, Kenneth Juma, and Gerald Yonga --</subfield>
    <subfield code="t">Care context and chronic illness: lessons from HIV positive adolescents and their families in South Africa&apos;s Eastern Cape /</subfield>
    <subfield code="r">Beth Vale --</subfield>
    <subfield code="t">Knowledge, power and role of frontline health workers for South Africa&apos;s epidemic preparedness /</subfield>
    <subfield code="r">Mirriam Di Paola and Beth Vale --</subfield>
    <subfield code="t">The potential of technological innovation in Health care in Africa: lessons from nanotechnology --</subfield>
    <subfield code="r">Zamanzima Mazibuko and Steven Mufumadi --</subfield>
    <subfield code="t">From present Africa health care systems to the future : health financing in Ghana and Rwanda /</subfield>
    <subfield code="r">Samuel Adu-Gyamfi --</subfield>
    <subfield code="t">Preparedness for epidemics in South Africa: the health systems and proposals for National Health Insurance</subfield>
    <subfield code="r">Alex van der Heever --</subfield>
    <subfield code="t">Conclusion</subfield>
    <subfield code="r">Zamanzima Mazibuko.</subfield>
  </datafield>
  <datafield tag="520" ind1=" " ind2=" ">
    <subfield code="a">&quot;News footage of disease in Africa is a familiar sight. Yet these outbreaks are often presented out of context, with no reference to the conditions that have triggered them. MISTRA&apos;s new book, Epidemics and the Health of African Nations, aims to redress that. Researchers and practitioners from within the continent explore why Africa is so vulnerable to disease, and show how this vulnerability is closely linked to political and economic factors. They demonstrate how these same factors determine the way epidemics are treated. Authors extract lessons from case studies in different parts of Africa; challenge conventional frameworks about disease to argue for a &apos;syndemics&apos; approach that takes into account the interrelationship between disease and political and socio-economic contexts; explore challenges of Africa&apos;s future. They argue that a well-functioning health system is at the core of a country&apos;s capacity to counter an epidemic. This volume brings African experts together to probe possible solutions to the continent&apos;s heavy burden of disease. The insights offered will be helpful in devising policy for the control of disease and the combatting of epidemics in Africa.&quot;--Back cover</subfield>
  </datafield>
  <datafield tag="650" ind1=" " ind2="0">
    <subfield code="a">Health</subfield>
    <subfield code="x">Research</subfield>
    <subfield code="z">Africa.</subfield>
  </datafield>
  <datafield tag="650" ind1=" " ind2="0">
    <subfield code="a">Epidemics</subfield>
    <subfield code="z">Africa</subfield>
    <subfield code="x">Prevention.</subfield>
  </datafield>
  <datafield tag="650" ind1=" " ind2="2">
    <subfield code="a">Epidemics.</subfield>
  </datafield>
  <datafield tag="650" ind1=" " ind2="7">
    <subfield code="a">Epidemics</subfield>
    <subfield code="x">Prevention.</subfield>
    <subfield code="2">fast</subfield>
    <subfield code="0">(OCoLC)fst00914085</subfield>
  </datafield>
  <datafield tag="650" ind1=" " ind2="7">
    <subfield code="a">Health</subfield>
    <subfield code="x">Research.</subfield>
    <subfield code="2">fast</subfield>
    <subfield code="0">(OCoLC)fst00952791</subfield>
  </datafield>
  <datafield tag="651" ind1=" " ind2="7">
    <subfield code="a">Africa.</subfield>
    <subfield code="2">fast</subfield>
    <subfield code="0">(OCoLC)fst01239509</subfield>
  </datafield>
  <datafield tag="700" ind1="1" ind2=" ">
    <subfield code="a">Mazibuko, Zamanzima,</subfield>
    <subfield code="e">editor.</subfield>
  </datafield>
  <datafield tag="710" ind1="2" ind2=" ">
    <subfield code="a">Mapungubwe Institute for Strategic Reflection,</subfield>
    <subfield code="e">issuing body.</subfield>
  </datafield>
</record>