
<record>
  <leader>03096cem a2200469 i 4500</leader>
  <controlfield tag="001">21351255</controlfield>
  <controlfield tag="005">20200103152828.0</controlfield>
  <controlfield tag="007">aj|canzn</controlfield>
  <controlfield tag="008">200103t19911991at dg  bh a  f  0   eng  </controlfield>
  <datafield tag="906" ind1=" " ind2=" ">
    <subfield code="a">7</subfield>
    <subfield code="b">cbc</subfield>
    <subfield code="c">orignew</subfield>
    <subfield code="d">u</subfield>
    <subfield code="e">ncip</subfield>
    <subfield code="f">20</subfield>
    <subfield code="g">y-geogmaps</subfield>
  </datafield>
  <datafield tag="925" ind1="0" ind2=" ">
    <subfield code="a">acquire</subfield>
    <subfield code="b">1 shelf copy</subfield>
    <subfield code="x">policy default</subfield>
  </datafield>
  <datafield tag="955" ind1=" " ind2=" ">
    <subfield code="i">ga16 2020-01-03 sent to CMT</subfield>
  </datafield>
  <datafield tag="010" ind1=" " ind2=" ">
    <subfield code="a">  2020586641</subfield>
  </datafield>
  <datafield tag="034" ind1="1" ind2=" ">
    <subfield code="a">a</subfield>
    <subfield code="b">20000</subfield>
    <subfield code="d">E1164700</subfield>
    <subfield code="e">E1165650</subfield>
    <subfield code="f">S0205400</subfield>
    <subfield code="g">S0211152</subfield>
  </datafield>
  <datafield tag="034" ind1="1" ind2=" ">
    <subfield code="a">a</subfield>
    <subfield code="b">100000</subfield>
    <subfield code="d">E1164400</subfield>
    <subfield code="e">E1165800</subfield>
    <subfield code="f">S0205300</subfield>
    <subfield code="g">S0211200</subfield>
  </datafield>
  <datafield tag="040" ind1=" " ind2=" ">
    <subfield code="a">DLC</subfield>
    <subfield code="b">eng</subfield>
    <subfield code="e">rda</subfield>
    <subfield code="c">DLC</subfield>
  </datafield>
  <datafield tag="043" ind1=" " ind2=" ">
    <subfield code="a">u-at-we</subfield>
  </datafield>
  <datafield tag="050" ind1="0" ind2="0">
    <subfield code="a">G9022.P5C57 1991</subfield>
    <subfield code="b">.H6</subfield>
  </datafield>
  <datafield tag="052" ind1=" " ind2=" ">
    <subfield code="a">9022</subfield>
    <subfield code="b">P5</subfield>
  </datafield>
  <datafield tag="100" ind1="1" ind2=" ">
    <subfield code="a">Hoatson, D. M.</subfield>
    <subfield code="q">(Dean M.),</subfield>
    <subfield code="e">cartographer.</subfield>
  </datafield>
  <datafield tag="245" ind1="1" ind2="0">
    <subfield code="a">Layered Archaean mafic-ultramafic intrusions of the West Pilbara Block, Western Australia /</subfield>
    <subfield code="c">by D.M. Hoatson ; compiled 1990-1991 by D.M. Hoatson, T.W. Brown ; edited by J.W. Sheraton, A.J. Stewart, D.M. Pillinger ; cartography by T.W. Brown ; compiled by the Bureau of Mineral Resources, Geology and Geophysics, Department of Primary Industries and Energy.</subfield>
  </datafield>
  <datafield tag="246" ind1="3" ind2=" ">
    <subfield code="a">Layered Archean mafic-ultramafic intrusions of the West Pilbara Block Western Australia</subfield>
  </datafield>
  <datafield tag="255" ind1=" " ind2=" ">
    <subfield code="a">Scale 1:20,000 ;</subfield>
    <subfield code="b">transverse Mercator projection</subfield>
    <subfield code="c">(E 1164700--E 1165650/S 205400--S 211152).</subfield>
  </datafield>
  <datafield tag="255" ind1=" " ind2=" ">
    <subfield code="a">Scale 1:100,000 ;</subfield>
    <subfield code="b">transverse Mercator projection</subfield>
    <subfield code="c">(E 11644--E 11658/S 2053--S 2112).</subfield>
  </datafield>
  <datafield tag="264" ind1=" " ind2="1">
    <subfield code="a">Canberra :</subfield>
    <subfield code="b">Bureau of Mineral Resources, geology and geophysics,</subfield>
    <subfield code="c">1991.</subfield>
  </datafield>
  <datafield tag="264" ind1=" " ind2="4">
    <subfield code="c">1991</subfield>
  </datafield>
  <datafield tag="300" ind1=" " ind2=" ">
    <subfield code="a">5 maps on 1 sheet :</subfield>
    <subfield code="b">color ;</subfield>
    <subfield code="c">63 x 59 cm or smaller, on sheet 109 x 152 cm.</subfield>
  </datafield>
  <datafield tag="336" ind1=" " ind2=" ">
    <subfield code="a">cartographic image</subfield>
    <subfield code="b">cri</subfield>
    <subfield code="2">rdacontent</subfield>
  </datafield>
  <datafield tag="337" ind1=" " ind2=" ">
    <subfield code="a">unmediated</subfield>
    <subfield code="b">n</subfield>
    <subfield code="2">rdamedia</subfield>
  </datafield>
  <datafield tag="338" ind1=" " ind2=" ">
    <subfield code="a">sheet</subfield>
    <subfield code="b">nb</subfield>
    <subfield code="2">rdacarrier</subfield>
  </datafield>
  <datafield tag="490" ind1="1" ind2=" ">
    <subfield code="a">Bulletin / Bureau of Mineral Resources Australia ;</subfield>
    <subfield code="v">242</subfield>
  </datafield>
  <datafield tag="500" ind1=" " ind2=" ">
    <subfield code="a">Relief shown by hachures and spot heights.</subfield>
  </datafield>
  <datafield tag="500" ind1=" " ind2=" ">
    <subfield code="a">&quot; Commonwealth of Australia 1991</subfield>
  </datafield>
  <datafield tag="500" ind1=" " ind2=" ">
    <subfield code="a">&quot;Base maps compiled by the BMR from 1:50 000 mining tenement maps supplied by the Department of Mines, Western Australia and 1:100 000 topographic maps supplied by the Australian Survey and Land Information Group, Department of Administrative Services.&quot;</subfield>
  </datafield>
  <datafield tag="500" ind1=" " ind2=" ">
    <subfield code="a">Includes 4 diagrams showing &quot;Diagrammatic relationship of Precambrian rock units,&quot; 2 enlargements of Munni Munni at approximately 1:2,000 and 1:10,667, block diagram of Munni Munni, inset of Mount Scholl showing drill holes, 1 table, and location map as inset.</subfield>
  </datafield>
  <datafield tag="500" ind1=" " ind2=" ">
    <subfield code="a">&quot;This map is accompanied by text: Petrology and platinum-group element geochemistry of layered Archaean mafic-ultramafic intrusions, West Pilbara Block, Western Australia ...&quot;</subfield>
  </datafield>
  <datafield tag="505" ind1="0" ind2=" ">
    <subfield code="a">Regional setting, scale 1:100 000 -- Munni Munni, scale 1:20 000 --Maitland, scale 1:20 000 -- Mount Sholl, scale 1:20 000 -- Radio Hill, scale 1:20 000.</subfield>
  </datafield>
  <datafield tag="650" ind1=" " ind2="0">
    <subfield code="a">Intrusions (Geology)</subfield>
    <subfield code="z">Australia</subfield>
    <subfield code="z">West Pilbara (W.A.)</subfield>
    <subfield code="v">Maps.</subfield>
  </datafield>
  <datafield tag="650" ind1=" " ind2="0">
    <subfield code="a">Geology, Stratigraphic</subfield>
    <subfield code="y">Archaean</subfield>
    <subfield code="v">Maps.</subfield>
  </datafield>
  <datafield tag="700" ind1="1" ind2=" ">
    <subfield code="a">Brown, T. W.,</subfield>
    <subfield code="e">compiler.</subfield>
  </datafield>
  <datafield tag="710" ind1="1" ind2=" ">
    <subfield code="a">Australia.</subfield>
    <subfield code="b">Bureau of Mineral Resources, Geology and Geophysics,</subfield>
    <subfield code="e">issuing body.</subfield>
  </datafield>
  <datafield tag="655" ind1=" " ind2="7">
    <subfield code="a">Maps.</subfield>
    <subfield code="2">lcgft</subfield>
  </datafield>
</record>